1946 2517
294 130 611 170 COMMENTATIO
631 148 674 170 An
695 137 997 179 QUAESTIONEM
1017 139 1357 176 PfflLOSOPHICAM.
1547 155 1579 179 u

110 220 204 260 Quod
231 221 305 250 solet
338 221 493 250 maximum
520 217 628 252 metum
664 223 790 252 incutere
819 223 1028 261 maximamque
1056 225 1126 254 adeo
1160 226 1403 261 perturbationem
1430 235 1523 258 creare
1549 228 1580 259 in

70 271 225 303 hominum
243 273 389 302 mentibus
413 273 486 302 illud
504 279 571 309 est,
592 275 670 310 quod
688 274 755 302 dum
775 274 960 311 existimant,
983 283 1047 304 esse
1064 276 1199 312 quasdam
1216 277 1311 307 beatas
1329 284 1416 314 atque
1433 279 1580 310 immorta-

70 324 116 354 ies
142 322 289 361 Naturas,
319 331 437 355 censent
469 331 563 354 tamen
588 325 661 362 ipsis
690 325 784 354 inesse
805 327 963 356 contrarias
995 327 1074 356 hisce
1102 329 1250 359 attributis
1279 331 1464 367 voluntates,
1490 332 1582 362 actio·

70 382 125 404 nes
148 375 226 412 (Ι).
263 373 318 403 Sed
341 375 396 403 hoc
422 376 594 404 tenendume
624 376 702 410 quod
727 376 839 405 beatum
866 383 1069 415 aeternumque
1096 387 1140 408 est
1168 388 1260 416 neque
1289 381 1384 418 ipsum
1418 388 1467 411 aut
1494 391 1581 420 negov

69 425 144 455 tium
164 425 288 461 habere,
308 434 402 461 neque
426 427 504 454 alteri
527 427 682 463 exhibere,
714 435 802 463 quare
825 436 918 465 neque
944 430 1033 466 gratia
1056 438 1148 466 neque
1169 431 1209 460 ira
1237 438 1394 470 tanguntur
1416 433 1469 463 Dii
1495 434 1578 472 (α),

106 475 198 514 Quod
220 477 256 506 ad
289 475 488 505 fortitudinem
514 477 590 506 circa
614 484 721 507 metum
750 479 873 516 mortis,
897 489 1031 510 assuesce
1054 488 1184 518 reputare
1205 483 1278 512 nihil
1305 485 1339 513 ad
1363 493 1417 514 nos
1443 485 1581 521 pertinere

71 533 217 564 mortem,
239 527 472 564 quandoquidem
498 529 640 565 quicquid
663 536 710 559 est
731 530 793 559 sive
819 531 911 567 boni,
940 531 1001 560 sive
1023 531 1109 567 maii,
1135 540 1201 561 cum
1225 541 1311 562 sensu
1337 540 1401 571 est3
1432 543 1510 565 mors
1531 543 1584 565 au·

70 585 129 610 tem
154 588 260 610 sensus
287 579 412 616 privatio
442 586 496 611 est.
539 581 698 618 Exquisita
719 589 807 618 porro
830 582 935 612 notitia
961 590 1080 612 mortem
1104 583 1176 613 nihil
1198 585 1337 621 pertinere
1363 586 1399 615 ad
1423 595 1476 615 nos
1495 588 1580 624 (3)t

66 638 194 670 praestat
216 638 248 660 ut
273 631 326 661 hac
353 631 410 661 vita
438 632 553 662 mortali
583 632 734 670 fruamur,
763 642 823 663 non
847 635 992 671 quidpiam
1023 635 1125 664 incerti
1153 637 1292 672 temporis
1316 637 1502 675 adjicientes,
1532 638 1582 667 sed

67 683 256 721 cupiditatem
288 682 511 712 immortalitatis
543 684 722 722 abjicientes.
770 685 853 714 Nihil
886 688 960 714 enim
995 687 1062 716 mali
1093 687 1124 716 in
1148 687 1207 716 vita
1235 694 1278 716 est
1304 688 1368 725 ini,
1395 690 1444 719 c‘ui
1469 690 1581 727 egregie

69 741 256 772 perspectum
285 740 332 764 est
356 734 431 763 nihil
455 743 517 764 esse
542 736 609 765 mali
639 736 668 765 in
695 736 770 765 vitae
796 737 976 774 privatione,
1016 738 1088 767 adeo
1115 745 1149 766 ut
1182 739 1220 767 sit
1251 739 1391 777 ineptus,
1420 740 1470 776 qui
1499 740 1581 770 time·

65 793 96 816 re
123 794 155 816 se
183 791 303 815 mortem
329 786 426 822 dicat,
457 794 516 816 non
551 787 630 823 quod
648 806 659 822 ‚
690 795 823 824 praesens
849 788 875 817 si
900 789 1008 825 fuerit,
1037 790 1176 819 moeroris
1207 790 1360 827 quicquam
1387 791 1505 828 afferat,
1531 792 1581 821 sed

65 839 148 876 quod
182 840 275 869 donec
304 839 403 869 futura
432 846 498 874 est,
532 840 680 869 molestiae
710 839 785 868 nihil
812 840 947 876 exhibet,
976 840 1024 877 id,
1061 842 1130 870 dum
1160 848 1361 878 exspectatur,
1387 843 1580 879 nequicquam

65 891 236 921 contristat.
275 890 368 927 Igitur
392 891 472 926 quod
499 890 627 920 omnium
656 892 795 920 malorum
820 893 940 921 maxime
965 891 1136 921 horrendum
1167 893 1347 922 existimatur
1371 901 1471 929 mors,
1504 892 1578 922 nihil

63 943 101 972 ad
125 950 180 971 nos
206 941 332 976 attinet,
355 941 422 977 quia
447 942 515 969 dum
543 949 599 970 nos
630 949 750 978 sumus,
773 950 851 971 mors
875 950 935 972 non
962 943 1067 980 adest,
1086 949 1116 972 et
1137 943 1187 972 ubi
1215 951 1292 973 mors
1318 944 1416 980 adest,
1444 952 1498 973 nos
1522 952 1582 973 non

67 1000 188 1023 murus:
209 992 279 1021 adeo
304 999 336 1021 ut
365 1000 458 1028 neque
479 992 514 1021 ad
538 992 623 1021 vivos
637 1011 646 1026 ,
668 1000 761 1029 neque
782 994 817 1023 ad
841 1000 974 1023 mortuos
994 994 1154 1031 pertineat,
1176 994 1313 1031 quoniam
1333 996 1439 1026 alteros
1463 995 1580 1032 quidem

64 1052 124 1075 non
147 1043 284 1080 attingit,
305 1042 384 1071 alteri
401 1050 469 1071 vero
485 1042 558 1071 nulli
586 1049 656 1071 sunt
680 1044 771 1081 (4).]

104 1094 195 1132 Quod
217 1099 311 1122 autem
345 1093 469 1130 reliquas
496 1093 688 1130 aegritudines
715 1094 843 1131 attinet,
871 1095 1027 1132 sapientem
1064 1105 1182 1133 quoqne
1209 1103 1238 1126 et
1270 1098 1451 1126 innocentem
1484 1096 1580 1126 virum

64 1154 154 1184 posse
177 1145 331 1182 aliquando
360 1151 388 1173 et
420 1145 450 1173 in
471 1144 520 1182 jus
553 1145 652 1174 vocari
673 1145 742 1183 (5)
774 1152 802 1175 et
828 1146 956 1175 damnari
986 1153 1014 1176 et
1044 1149 1122 1177 caedi
1149 1155 1177 1177 et
1203 1148 1280 1177 varie
1314 1147 1464 1184 torqueri,
1493 1147 1583 1176 mani-

65 1198 174 1227 festum
195 1203 251 1226 est.
292 1195 379 1225 Tunc
402 1195 541 1231 sapientis
563 1201 608 1224 est
633 1195 701 1226 haec
727 1195 800 1226 ferre
830 1205 924 1234 aequo
951 1196 1080 1235 fortique
1102 1199 1198 1228 animo
1223 1199 1304 1237 (6).
1344 1199 1464 1235 Sapiens
1491 1199 1580 1228 ratio-

65 1250 115 1278 nis
144 1247 271 1277 consilio
300 1246 435 1276 tolerabit
462 1246 582 1284 injurias
611 1247 689 1285 (7).
729 1248 850 1285 Sapiens
879 1250 963 1278 etiam
990 1251 1020 1280 in
1047 1251 1218 1286 tormentis,
1246 1251 1369 1287 ingemat
1393 1249 1484 1285 licet,
1515 1249 1581 1278 bea-

61 1306 116 1329 tus
140 1299 193 1328 erit
219 1299 301 1336 (8).
343 1297 492 1327 Adversus
520 1297 667 1329 fortunam
696 1307 728 1328 se
750 1300 928 1336 comparabit
951 1301 1033 1338 (9).
1086 1301 1134 1330 Ad
1158 1302 1290 1330 dolorem
1312 1302 1350 1329 ita
1372 1306 1492 1337 paratus
1518 1306 1583 1336 est,

67 1357 101 1380 ut
132 1349 294 1379 meminerit
319 1349 457 1378 maximos
485 1356 545 1378 non
578 1349 628 1378 diu
662 1350 691 1379 in
726 1359 849 1388 corpore
876 1359 1056 1388 perseverare
1072 1371 1083 1388 ‚
1122 1351 1227 1389 longos
1262 1357 1357 1381 autem
1387 1351 1481 1381 solere
1506 1351 1583 1381 leves

59 1409 127 1431 esse
150 1401 248 1438 (ro).

102 1451 235 1488 Jusmia
259 1456 368 1487 restat,
398 1457 431 1480 ut
458 1451 492 1480 de
527 1451 607 1480 omni
629 1452 739 1481 virtute
765 1452 803 1481 sit
826 1453 946 1483 dictum.
987 1452 1043 1482 Sed
1065 1453 1170 1483 similia
1202 1453 1262 1482 fere
1279 1453 1335 1482 dici
1359 1458 1495 1490 possunt.
1535 1451 1579 1482 Ut

65 1503 144 1533 enim
175 1502 366 1540 sapientiam,
396 1503 627 1539 temperantiam,
657 1502 854 1533 fortitudinem
881 1504 1032 1540 copulatas
1059 1512 1124 1534 esse
1148 1504 1236 1534 docui
1259 1512 1326 1534 cum
1355 1505 1523 1541 voluptate,
1545 1509 1580 1532 ut

1544 1554 1581 1584 ab

95 1636 112 1672 (
126 1644 137 1665 ι
152 1636 168 1671 )
185 1636 264 1670 Epic.
278 1635 295 1662 l.
309 1636 327 1662 l.
340 1641 365 1661 et
381 1635 502 1662 Gassend.
524 1635 560 1663 11.
582 1645 609 1670 p.
625 1637 685 1670 446.
709 1637 762 1664 col.
779 1642 806 1663 1.

97 1682 165 1718 (2)
184 1683 261 1716 Epic.
283 1683 307 1708 in
323 1691 377 1714 κυρ.
395 1681 453 1715 ‘35³4'-
474 1689 515 1715 ap.
529 1684 610 1716 Diog.
635 1684 717 1711 Laert.
742 1684 773 1710 X.
795 1683 900 1718 35221.
933 1685 980 1712 His
999 1688 1168 1711 consentanea
1194 1686 1259 1712 canit
1280 1685 1432 1718 Lucretius,
1457 1685 1480 1712 1.
1500 1692 1528 1712 v.
1546 1690 1579 1718 57

61 1736 122 1764 oqq.
149 1730 196 1757 cf.
214 1730 286 1755 Sext.
303 1729 381 1763 Emp.
413 1729 537 1762 Pyrrlion.
555 1731 617 1756 inst.
638 1731 660 1758 Ι.
688 1731 713 1764 §.
730 1737 785 1764 155.

96 1776 165 1812 (3)
184 1777 256 1803 Sext.
274 1776 353 1809 Emp.
372 1778 389 1804 l.
406 1778 423 1804 l.
445 1777 495 1803 ΙΙΙ.
519 1777 544 1809 §.
558 1784 617 1810 229.
636 1785 663 1810 p.
680 1780 736 1812 185.
766 1777 816 1806 Ed.
830 1778 904 1806 Fabr.
923 1779 954 1806 it.
970 1779 1028 1806 adv.
1047 1779 1159 1805 Gramm.
1178 1778 1202 1812 §.
1215 1786 1262 1812 273
1274 1797 1282 1811 a
1302 1780 1359 1812 283.

94 1823 165 1858 (4)
185 1823 261 1856 Epic.
279 1822 304 1847 iu
323 1823 375 1855 Ep.
392 1823 422 1849 ad
439 1823 563 1851 Menoec.
583 1824 648 1857 apud
668 1825 701 1850 D.
722 1825 754 1852 L.
780 1826 813 1852 X.
839 1825 865 1858 §.
883 1832 938 1859 125.

94 1869 164 1904 (5)
183 1869 222 1895 id.
242 1868 342 1901 §.119‚
482 1869 545 1904 (6)
565 1871 638 1897 Gass.
667 1871 702 1897 11.
725 1879 752 1904 p.
765 1873 823 1905 448.
848 1873 901 1899 col.
916 1880 942 1899 2.

94 1916 161 1950 (7)
182 1916 258 1948 Epic.
277 1916 294 1941 l.
313 1916 330 1941 l.
360 1916 385 1948 §.
406 1917 463 1942 118.
602 1917 663 1951 (8)
684 1918 749 1945 ibid.
887 1916 953 1953 (9)
973 1919 1050 1952 Epic.
1068 1925 1109 1951 ap.
1128 1918 1206 1950 Diog.
1234 1916 1266 1944 L.
1283 1916 1317 1944 X.

97 1961 184 1997 (io)
205 1962 281 1996 Epic.
300 1962 325 1988 in
342 1972 398 1997 κυρ.
410 1961 467 1996 διε.
485 1963 552 1997 apud
569 1964 650 1998 Diog.
676 1964 709 1992 L.
722 1964 754 1992 X.
772 1964 799 1998 §.
818 1971 875 1999 140.

869 2010 892 2041 B
913 2019 932 2042 n
