1946 2517
675 179 1060 214 ORATIO.
1569 190 1609 226 17

127 272 236 305 studio
267 272 419 309 Plzrstcae
445 278 477 304 et
507 272 731 304 Astronomz'ae
758 271 923 310 adhibite,
955 273 1115 304 interdum
1144 273 1350 316 praesagiisse
1373 280 1405 305 et
1426 276 1517 317 quasi
1544 286 1597 307 va.

135 330 284 361 ticinatos
307 339 388 367 esse,
420 339 501 371 quae
529 328 672 360 instituta
696 327 845 370 deinceps
874 329 1088 370 experimenta
1116 330 1370 372 comprobarint:
1400 341 1512 361 verum
1536 342 1594 362 nec

131 384 266 417 aliarum
290 384 449 427 ejusmodi
478 383 751 427 praedictionum,
785 385 1023 418 mathematicae
1051 386 1333 419 demonstrationis
1354 395 1506 430 apparatu
1531 388 1594 420 ful-

130 441 288 479 citarum‚
312 441 405 473 obliti
436 445 567 480 suiuus,
599 451 678 483 quas
701 448 836 473 eventus
861 441 1030 473 frustratus
1058 449 1116 475 est.
1162 442 1213 474 Ad
1240 446 1340 487 ipsam
1369 445 1466 486 igitur
1483 456 1597 487 corpo-

131 507 221 535 rum,
244 500 312 529 sive
333 497 542 535 terrestrium,
574 499 641 528 sive
660 496 865 535 coelestium,
889 499 1172 539 perscrutationem
1200 499 1356 542 exigenda
1378 507 1472 538 sunt,
1498 512 1595 543 quae·

128 565 258 598 cunque
283 553 503 586 ratiocinando
528 560 559 584 et
586 554 714 587 calculis
743 554 959 586 subducendis
987 554 1048 584 sibi
1071 554 1230 586 invenisse
1257 555 1426 587 videantur
1451 556 1593 589 Philoso-

133 609 202 652 phi.
259 612 304 641 Ita
341 610 470 653 quidem
504 621 614 641 eorum
627 633 637 649 ‚
674 611 731 653 qui
766 612 874 643 omnia
907 622 1042 653 corpora
1074 611 1221 643 coelestia
1257 612 1415 644 Tellurem
1452 621 1593 646 nostram

133 665 356 708 magnitudine
392 667 573 709 superantia
603 667 684 698 circa
710 677 780 697 eam
816 672 967 710 tanquam
992 667 1026 697 iu
1058 673 1170 698 centro
1203 668 1339 710 positam
1366 672 1506 707 moveri,
1531 672 1594 713 pri-

127 730 218 752 mum
243 722 456 761 mirarentur,
478 733 555 753 mox
579 730 748 765 negarent,
778 724 965 766 opinionem
997 723 1178 754 observatio
1204 725 1340 756 Naturae
1369 725 1471 757 indies
1492 729 1591 768 magis

131 778 297 820 magisque
324 777 548 810 confirmavit:
580 785 611 809 at
637 779 765 816 eadem,
796 790 859 822 qua
892 790 1170 817 corrmmcrm,
1203 779 1330 811 fortuna
1362 791 1422 812 nec
1447 793 1593 814 prone-

126 843 264 865 mazus
288 845 326 866 ex
358 833 550 871 Veteribus,
594 845 652 865 nec
684 845 820 866 ”rvcuo
852 845 1040 866 BRAHEUS
1068 846 1085 866 e
1114 836 1378 875 Recentioribus‚
1410 839 1593 872 Matlzema.

128 892 209 921 u'cae
236 890 309 922 licet
338 891 471 921 minime
495 891 617 932 ignari,
651 891 750 933 gavisi
774 897 870 930 sunt;
900 898 1015 934 atque,
1049 897 1085 922 ut
1119 891 1182 922 hoe
1204 892 1299 923 etiam
1322 899 1412 933 utar,
1445 906 1593 928 canu·

123 957 201 985 s11,
233 947 406 978 acutissimi
434 947 622 989 ceteroquin
650 947 835 990 Philosophi
851 971 860 986 ‚
879 954 911 979 et
932 947 1015 978 edita
1044 949 1227 979 Geomem'a
1251 948 1344 988 clari,
1368 953 1502 982 vortices
1519 955 1592 995 quis

126 1001 223 1034 hodie
246 1002 299 1034 vel
323 1005 406 1034 serio
435 1002 619 1033 refutandos
646 1003 798 1034 censeat?
841 1006 906 1035 Vos
927 1005 1040 1046 igitur,
1073 1004 1268 1035 ornatissimi
1288 1006 1444 1045 Juvenes,
1473 1011 1530 1051 qui
1557 1010 1592 1040 in

125 1058 186 1090 hae
216 1058 318 1090 bonae
341 1059 457 1090 mentis
480 1057 608 1089 officina
633 1059 823 1097 versamini,
854 1060 928 1102 quis
952 1059 1077 1091 dubitet
1105 1059 1211 1091 felices
1235 1061 1434 1103 praedicare,
1469 1065 1588 1106 quibus

124 1114 269 1157 quotidie
283 1116 420 1145 Naturae
435 1115 535 1156 ipsius
550 1114 737 1145 scrutandae
752 1117 867 1146 eximia
881 1114 1074 1146 exhibentur
1091 1115 1248 1155 subsidia!
1292 1118 1391 1156 Nam,
1415 1119 1494 1160 quid
1507 1131 1589 1163 opus

123 1172 163 1202 sit
181 1170 221 1201 de
239 1169 376 1213 puhlicis
392 1169 588 1201 Lectionibus
600 1169 725 1208 dicere,
748 1170 782 1200 in
799 1169 941 1212 singulas
959 1170 1119 1201 doctrinas
1135 1171 1281 1213 physicas
1300 1172 1431 1211 habitis,
1449 1185 1528 1217 quas
1546 1187 1597 1210 ne,

123 1236 180 1269 per
201 1226 314 1268 optimi
335 1224 465 1268 quidem
484 1235 676 1256 RfflNWAit
688 1236 766 1263 οτι,
786 1226 962 1257 Literarum
982 1233 1013 1257 et
1029 1226 1241 1266 Erudifionis,
1260 1228 1464 1271 physicarum
1480 1231 1586 1274 impri-

122 1282 184 1313 mis
198 1280 438 1324 disciplinarum
455 1291 548 1312 causa
563 1281 649 1323 apud
667 1280 762 1311 ludos
774 1281 951 1313 Orientales
966 1283 1211 1319 commorantis,
1227 1284 1400 1316 absentiam
1417 1287 1586 1320 intermitti

121 1337 320 1380 oportuerit?
359 1339 452 1368 Hunc
476 1344 581 1368 autem
606 1337 718 1368 Virum
737 1338 910 1376 eximium,
933 1344 1080 1369 nostrum
1097 1339 1174 1369 olim
1200 1339 1404 1372 Harderovici
1424 1342 1587 1386 Collegam

122 1393 439 1435 conjunctissimum,
458 1400 580 1435 quanto
598 1394 698 1436 magis
716 1393 870 1424 laetamur
882 1404 1095 1425 successorem
1108 1404 1175 1425 esse
1188 1394 1445 1439 incomparabilis
1462 1410 1508 1430 aa
1520 1411 1585 1432 ue.

120 1459 265 1481 mansu
285 1449 326 1480 ab
345 1456 481 1492 augusto
498 1452 583 1492 Rege
600 1457 712 1481 nostro
727 1449 942 1492 designatum,
965 1456 1054 1481 tanto
1068 1451 1285 1494 impatientius
1301 1452 1423 1483 dudum
1447 1463 1586 1496 praesto.

119 1504 234 1538 tamur.
258 1507 324 1537 Nec
344 1512 448 1536 tamen
461 1506 626 1537 Juventuti
643 1506 772 1536 iuterim
783 1505 883 1536 defuit
898 1506 1040 1538 discendi
1055 1510 1277 1551 opportunitas
1288 1532 1297 1545 ‚
1315 1510 1398 1540 vices
1416 1509 1501 1542 illius
1520 1522 1586 1544 me-

118 1571 192 1592 cum
203 1562 269 1604 jam
286 1561 414 1593 tertium
429 1561 632 1604 explentibus
649 1560 839 1592 elatissimis
857 1562 959 1601 Viris,
983 1573 1058 1595 saa
1071 1574 1134 1596 mr
1147 1575 1291 1605 οιιΤιο,
1313 1571 1365 1604 et,
1395 1567 1453 1608 qui
1473 1568 1580 1600 minus

117 1627 268 1660 prospera
285 1616 466 1648 valetudine
482 1617 600 1648 fruenti
614 1629 665 1648 111⁸.
676 1628 814 1649 aussio
829 1625 939 1649 nostro
954 1618 1106 1650 suffectus
1124 1627 1188 1658 est,
1211 1632 1360 1654 BO0N10
1374 1633 1527 1655 ntsssctss
1539 1635 1579 1662 ο,

115 1675 208 1715 ipso,
225 1672 315 1715 quod
331 1673 472 1715 impense
490 1672 656 1712 dolemus,
671 1684 745 1705 cum
764 1675 899 1705 maxime
921 1677 1107 1716 aegrotanti.
1140 1677 1206 1716 Qui
1224 1677 1354 1719 quidem
1377 1677 1506 1721 Collega
1529 1691 1579 1711 ae·

115 1729 361 1760 stumatissimus
380 1735 415 1759 ut
430 1729 586 1761 divinitus
607 1729 782 1760 valetudini
801 1730 1001 1768 restituatur,
1024 1741 1063 1761 ex
1086 1732 1193 1762 animo
1215 1744 1390 1775 precamur.
1420 1736 1580 1768 Praeterea

115 1790 200 1828 patet
226 1787 396 1817 Anatomes
417 1791 448 1817 et
473 1784 692 1828 Physiologiae
717 1784 869 1816 studiosis
891 1784 1064 1817 Theatrum
1089 1789 1336 1828 Anatosm'cum‚
1360 1796 1425 1821 tam
1453 1792 1576 1833 majus,

114 1839 204 1884 quod
222 1840 377 1883 publicis,
409 1850 505 1884 quam
530 1843 660 1879 minus,
691 1841 780 1884 quod
805 1840 1002 1884 quotidianis
1025 1843 1293 1885 praelectionibus
1321 1852 1352 1877 et
1374 1845 1573 1877 demonstra-

113 1895 195 1927 tioni
213 1897 359 1935 inservit;
382 1904 554 1940 utrumque
572 1897 729 1941 praeclare
743 1904 774 1929 et
800 1897 959 1940 eleganter
983 1905 1200 1938 exstructum,
1222 1907 1253 1932 et
1282 1902 1436 1943 spatiosae
1460 1901 1574 1944 adjun-

111 1957 199 1983 ctum
227 1951 341 1992 aulae,
364 1954 454 1983 omni
476 1953 516 1984 ad
540 1954 693 1996 optimam
716 1953 843 1984 secandi
862 1956 1018 1985 rationem
1042 1954 1224 1986 discendam
1240 1965 1391 1999 apparatu
1414 1964 1444 1988 et
1464 1959 1569 2001 supel-

112 2007 209 2041 lectili
233 2007 361 2040 abunde
382 2008 571 2048 instructae3
592 2026 634 2034 —
657 2016 741 2053 patet
760 2009 851 2049 aliis,
883 2009 1068 2042 coelestium
1088 2018 1195 2044 motus
1211 2023 1383 2055 corporum
1402 2014 1569 2046 observare

872 2066 899 2098 G
1523 2080 1575 2112 ge-
