1946 2517
303 120 346 164 γε
705 117 1049 154 curarentur
1107 120 1416 153 DELPRAT

344 202 442 238 vKantii
481 206 586 238 Schola
625 206 804 236 nobilitatem
833 206 970 235 humanae
1003 211 1120 234 naturae
1153 204 1264 241 egregie
1295 202 1434 234 ostenlit.
1491 203 1626 233 Ostendit
1661 200 1817 244 antm‘uni,

306 259 415 288 Virtuti
440 265 526 295 atque
553 259 764 288 Immortalitati
799 265 924 287 creatum
958 265 1039 292 esse,
1068 257 1136 285 adeo
1164 261 1196 283 ut
1222 254 1246 283 si
1271 262 1397 290 unquam
1430 259 1505 283 certe
1532 262 1566 282 ex
1588 255 1684 285 Kantii
1711 255 1815 285 Schola

307 308 445 339 discimus
481 310 564 338 talem
598 309 760 344 Naturam,
796 308 888 344 qualis
924 314 968 336 est
994 307 1106 336 Natura
1138 303 1244 341 animi,
1281 314 1339 334 non
1365 304 1422 334 nisi
1452 313 1468 333 a
1500 313 1614 334 summo
1639 305 1817 342 perfectissi-

308 368 416 396 moque
440 362 534 396 Enre,
556 369 569 388 a
590 360 671 395 Deo,
693 360 830 397 originem
851 367 962 388 sumere
987 359 1127 395 potuisse.
1173 357 1212 386 Et
1239 356 1351 392 homo,
1372 356 1422 392 qui
1445 356 1562 386 eximias
1581 357 1643 385 illas
1667 357 1748 386 dotes
1773 365 1820 386 ac-

308 412 409 448 cepit,
438 420 506 440 num
542 412 576 440 ad
612 411 693 440 illum
729 411 877 448 ingratum
901 411 1024 439 animum
1053 409 1299 446 abiectionemque
1322 408 1479 443 decideret,
1512 411 1544 436 ut
1565 408 1705 445 eiusmodi
1728 408 1819 437 facul-

309 468 383 492 tates
415 462 604 498 perverteret?
642 464 721 491 Num
754 462 880 491 animum
911 461 992 490 illum
1026 461 1062 489 ad
1092 460 1204 489 nobiles
1237 459 1418 495 operationes
1445 458 1694 496 cogitationesque
1720 452 1828 490 natut'n⁴

311 514 494 549 restringeret
513 514 548 542 ad
566 513 693 542 inanium
706 533 717 549 ,
740 513 891 549 puerilium
915 520 1006 548 seque
1027 511 1205 547 indignarum
1227 518 1317 539 retum
1338 509 1466 539 limites?
1495 510 1602 538 Nonne
1620 509 1722 546 potius
1738 518 1827 539 sum·-

311 571 357 593 ma
383 571 449 593 cum
469 572 538 593 cura
564 565 689 594 animum
716 565 751 593 ab
775 562 1006 593 omnibus‘istis
1025 562 1177 597 defendet,
1199 570 1271 598 quae
1298 561 1468 591 facultatum
1492 562 1604 590 illarum
1630 561 1819 598 praestantiae

311 616 356 644 vel
388 615 539 652 paululum
568 616 730 651 periculosa
763 621 880 650 essent,
912 621 939 642 et
964 621 1064 643 contra
1093 615 1283 643 facultatibus
1312 613 1369 642 illis
1396 621 1429 642 eo
1457 612 1513 642 fine
1537 619 1634 641 utetur
1663 619 1697 641 ut
1728 612 1821 649 magia

310 667 460 703 magisque
486 666 689 703 perfectionem
717 667 799 695 istam
831 666 1006 702 adipiscatur
1032 673 1115 701 quarn
1141 664 1196 693 fert
1221 667 1283 703 ejus
1305 664 1430 693 natura'.²

323 717 403 745 ·Sed
427 717 451 745 si
474 717 508 745 ab
540 726 594 746 una
621 725 700 754 parte
726 718 918 754 cogitationes
944 722 1057 745 nostras
1083 716 1200 752 evehit,
1228 725 1244 745 a
1268 716 1352 745 rebus
1382 715 1515 745 sensibus
1542 715 1665 753 objectis
1694 719 1817 750 avocat,

310 774 338 797 et
361 764 520 798 nobiliores
544 770 634 798 reddit
656 777 783 807 systema
803 769 919 804 Kantii,
950 767 985 797 ab
1008 768 1093 796 altera
1118 774 1198 803 parte
1222 768 1386 804 saepissime
1410 768 1563 796 humanam
1586 766 1748 803 superbiam
1772 766 1826 794 de-

311 821 409 857 primit
436 827 464 849 et
489 821 670 850 submissius
699 823 732 850 tle
756 830 785 850 se
811 821 938 858 cogitare
958 820 1049 855 facit,
1080 827 1168 854 quum
1198 819 1283 847 nobis
1312 825 1355 847 tot
1382 826 1498 854 tamque
1529 818 1674 847 recondita
1702 816 1821 854 egoismi

311 872 418 900 semina
442 879 471 900 et
495 873 637 908 principia
662 872 785 909 detegat.
829 873 946 907 Homo,
971 871 1060 900 homo
1085 871 1132 899 ille
1157 870 1227 906 qui,
1248 879 1307 899 non
1336 870 1413 907 apud
1437 871 1529 905 alios,
1550 870 1601 898 sed
1622 869 1699 904 apud
1726 877 1758 898 se
1780 868 1826 904 ip-

312 931 375 951 sum
402 928 458 951 tam
484 922 567 951 facile
593 924 684 952 bonas
708 924 835 952 actiones
856 923 970 951 laudare
997 923 1090 957 solet,
1117 922 1147 950 in
1177 922 1273 950 Kantii
1297 922 1402 950 Schola
1427 921 1513 949 discit
1532 920 1698 957 hujusmodi
1725 919 1824 948 laudes

312 974 427 1011 parcius
458 973 684 1010 prudentiusque
703 974 846 1002 adhibere.
887 973 1053 1009 Agnoscere
1076 973 1159 1001 debet
1187 973 1216 1001 in
1245 972 1363 1008 optimis
1386 972 1550 1000 actionibus
1582 972 1689 1000 multos
1719 978 1824 999 naevos

314 1024 480 1060 saepissime
506 1025 619 1059 inesse,
648 1033 662 1052 a
686 1025 773 1053 nobis
803 1023 873 1059 ipsis
902 1024 947 1052 vel
971 1023 1168 1052 dissimulatos
1190 1024 1236 1051 vel
1262 1031 1384 1058 prorsus
1411 1024 1568 1058 ignor-atne.
1619 1021 1732 1051 Exinde
1761 1029 1825 1057 per-

313 1076 583 1113 spiciet-quantum
610 1077 702 1104 adhuc
729 1076 890 1104 faciendum
917 1075 1066 1111 supersit,
1089 1081 1120 1103 ut
1146 1074 1181 1102 ad
1206 1072 1326 1102 Ethicae
1351 1072 1504 1109 puritatem
1530 1073 1690 1108 perveniat.

356 1127 411 1155 Sed
432 1127 530 1155 Kantii
559 1126 745 1154 Scholanon
762 1134 829 1154 vme-
843 1126 988 1155 laudatore
1009 1135 1081 1164 eget.
1124 1125 1220 1164 Quare
1245 1123 1281 1153 ad
1293 1132 1334 1153 *ea
1353 1132 1430 1153 nune
1453 1125 1600 1153 veniamus
1621 1131 1694 1159 quae
1718 1122 1749 1152 in
1770 1122 1828 1152 hoc

314 1183 470 1214 systemate
494 1171 604 1205 laudem
630 1177 728 1204 mereri
756 1184 814 1204 non
840 1175 986 1205 videntur.

353 1228 384 1256 Si
411 1227 556 1264 speciatim
580 1227 614 1256 de
638 1227 822 1264 dogmatibus
841 1226 938 1255 Kantii
957 1227 993 1255 ad
1010 1226 1246 1264 coniunctionem
1267 1228 1304 1256 V.
1324 1231 1352 1254 et
1369 1225 1402 1254 F.
1424 1224 1632 1261 pertinentibus
1657 1224 1822 1260 videamus,

313 1286 373 1308 non
394 1285 472 1314 tam,
493 1284 525 1307 ut
550 1279 579 1307 in
602 1278 823 1314 superioribus,
844 1278 978 1315 dogmata
995 1278 1029 1307 de
1049 1277 1220 1313 Felicitate,
1242 1277 1290 1305 sed
1315 1276 1378 1313 ipsa
1397 1277 1502 1305 Etliica
1527 1277 1582 1305 sub
1606 1283 1721 1304 examen
1745 1283 1828 1304 revo-

316 1329 406 1358 canda
426 1335 489 1364 est,
519 1329 628 1364 quippe
651 1336 723 1364 quae
749 1327 895 1356 felicitatis
923 1328 1031 1356 nullam
1054 1327 1192 1354 rationem
1220 1329 1346 1361 habens,
1375 1331 1469 1361 neque
1495 1326 1732 1362 conjunctionem
1755 1333 1826 1355 con-

317 1380 462 1415 stituens,
484 1380 567 1408 unice
593 1379 637 1407 hic
665 1378 818 1414 spectanda
843 1384 902 1409 est.

356 1429 461 1459 Totam
493 1438 572 1459 suam
597 1429 729 1458 Ethicam
755 1436 788 1458 ex
807 1428 932 1457 Ratione
954 1427 1083 1457 Praetica
1107 1427 1225 1456 deduxit
1243 1427 1378 1457 Kantius.
1420 1427 1475 1455 Est
1502 1426 1550 1455 hic
1574 1432 1720 1463 tamquam
1741 1428 1826 1458 cardo

322 1481 414 1510 totius
438 1481 570 1511 Ethicae.
614 1483 654 1510 At
675 1481 721 1509 hic
740 1486 844 1516 sponte
867 1479 998 1515 quaestio
1017 1479 1110 1508 oritur
1135 1487 1218 1514 quatu
1242 1487 1256 1506 a
1277 1479 1372 1507 Docto
1393 1480 1464 1509 Viro
1481 1479 1613 1516 agitatam
1639 1479 1723 1509 video
1744 1479 1825 1517 (1):

320 1532 456 1561 Rationis
480 1532 644 1566 Praedcae,
666 1532 771 1560 summi
798 1530 933 1567 principii
958 1538 1094 1566 quaenam
1119 1537 1164 1560 est
1186 1530 1342 1559 definitio?

357 1583 556 1620 Philosophus
586 1584 670 1612 modo
698 1583 830 1612 laudatus
859 1583 1011 1612 observat:
1044 1583 1124 1619 quod
1146 1582 1188 1610 uti
1215 1588 1294 1610 antea
1321 1580 1403 1610 multi
1431 1581 1465 1610 de
1495 1589 1581 1610 sensu
1610 1581 1711 1610 morali
1732 1580 1828 1613 locuti

323 1640 417 1669 sunt,
437 1642 531 1670 neque
556 1641 650 1664 tamen
675 1635 784 1663 ideirco
803 1634 986 1662 Hutchesoni
1011 1634 1047 1662 de
1068 1642 1155 1663 sensu
1180 1634 1279 1662 morali
1300 1634 1468 1663 sententiam
1489 1640 1538 1662 aut
1562 1634 1760 1662 intellexerunt
1777 1639 1830 1662 aut

322 1684 415 1711 secuti
437 1692 527 1720 sunt;
550 1687 591 1714 sic
617 1693 644 1714 et
666 1693 741 1714 nunc
767 1685 923 1720 scriptores
948 1685 1068 1714 rationis
1094 1687 1234 1723 practicae
1256 1685 1408 1714 formulam
1436 1685 1538 1713 iterum
1565 1685 1725 1719 iterumque
1751 1691 1830 1720 repe-

321 1739 399 1768 tere,
421 1735 471 1770 qui
497 1741 589 1765 tamen
615 1736 782 1765 Kantianam
811 1737 861 1765 hac
888 1737 923 1765 de
947 1745 976 1765 re
999 1737 1167 1769 sententiam
1200 1745 1291 1774 neque
1319 1738 1408 1773 probe
1433 1736 1601 1772 intelligunt
1623 1742 1716 1770 neque
1740 1734 1774 1763 de
1798 1742 1829 1763 ea

322 1785 522 1817 consentiunt.
571 1786 712 1815 observat
737 1794 879 1824 praeterea
908 1788 1065 1819 Praeticam
1092 1788 1244 1818 Rationem
1271 1797 1331 1818 non
1354 1795 1492 1818 aeternam
1522 1787 1598 1818 illam
1621 1786 1694 1816 inter
1721 1786 1829 1817 bonum

1806 1843 1835 1866 et

357 1911 420 1947 (ι)
441 1916 590 1944 Eclecticus
611 1920 735 1951 uespieg.
753 1920 796 1946 der
815 1921 950 1948 Kantische
967 1921 1060 1954 Wijsg.
1084 1929 1109 1955 p.
1127 1929 1159 1955 94
1177 1929 1236 1955 sqq.
