1946 2517
382 180 420 209 30
789 165 1128 199 GunrssLMI
1186 167 1490 199 DELPRA'I·

426 252 650 290 Agnoscendum
675 257 720 281 est
738 273 748 288 ‚
781 252 876 282 omnis
908 257 1013 285 sensus
1035 249 1266 285 exstirpationem
1292 258 1386 279 revera
1412 259 1446 279 ex
1473 251 1599 280 Zenonis
1628 251 1757 281 doctrina
1789 252 1884 288 sequi.

384 303 441 338 Sed
464 303 520 333 hoc
550 303 749 333 tantummodo
776 303 862 332 volo:
887 299 1118 336 exstirpationem
1141 301 1221 329 istam
1245 309 1302 329 uon
1327 302 1427 330 deduci
1444 304 1539 337 ‘posse
1558 309 1590 330 ex
1614 302 1691 330 illius
1716 303 1750 331 de
1771 310 1882 339 pertur-

383 354 498 384 batIOne
521 354 728 391 dogmatibus3
757 353 845 389 idque
870 359 897 381 et
924 352 958 380 de
984 356 1060 380 metu
1079 357 1107 380 et
1130 352 1163 379 de
1190 352 1364 388 aegritudine
1383 359 1410 380 et
1438 352 1471 380 de
1495 352 1599 380 laetitia
1622 353 1712 382 valet:
1741 353 1883 389 quamob-

380 413 437 434 rem
462 405 487 434 si
513 405 629 433 Stoicos
661 405 728 432 haec
755 403 852 432 omnia
875 403 1042 431 definientes
1067 401 1219 437 audimus,
1249 402 1396 438 apparebit
1426 403 1498 431 hanc
1523 403 1649 432 scholam
1679 404 1733 432 hos
1759 403 1881 434 affectus

379 455 579 490 exstirpandos
604 461 678 483 recte
700 455 835 491 jussisse.
877 454 982 483 Cicero
1006 453 1134 482 Tuscui.
1159 454 1278 490 Quaest.
1300 454 1354 483 IV.
1379 463 1410 491 9.
1438 455 1527 483 dicit:
1571 474 1589 490 ,‚
1610 454 1744 483 Omnium
1773 463 1885 491 pertur-

379 505 530 534 bationum
555 505 667 534 fontem
694 513 759 534 esse
784 505 884 534 dicunt
911 504 1006 533 Sto'iei
1029 503 1295 539 intemperantiam,
1316 512 1388 540 quae
1414 511 1458 533 est
1479 513 1493 533 a
1521 511 1580 533 tota
1604 511 1695 533 mente
1722 511 1750 534 et
1777 513 1792 535 a
1808 512 1883 535 recta

377 557 487 586 ratione
516 557 660 592 defectio,
691 557 734 586 sic
755 565 853 587 aversa
879 565 894 586 a
923 553 1148 591 praescriptione
1172 554 1310 589 rationis,
1339 562 1372 583 ut
1399 554 1477 588 nullo
1508 555 1586 583 modo
1608 555 1798 591 appetitiones
1822 557 1885 585 ani-

379 608 437 642 mi,
464 615 516 637 nec
541 608 624 645 regi,
652 616 703 637 nec
730 608 871 638 contineri
907 612 1021 643 queant.
1032 604 1052 618 ''
1090 605 1246 643 Quomodo
1281 605 1370 642 igitur
1400 607 1565 635 stoicorum
1589 607 1718 636 doctrina
1742 607 1884 645 eJusmodi

378 658 661 700 aflectus·tolleret‚
684 659 734 695 qui
759 659 878 688 rationis
906 656 1160 694 praescriptionem
1186 662 1319 690 servant,
1340 655 1424 685 facile
1449 657 1507 693 regi
1529 664 1557 685 et
1577 658 1716 686 contineri
1738 665 1886 695 possunt,

376 716 404 738 et
425 717 516 746 neque
543 718 558 738 a
583 717 644 739 tota
672 717 765 739 mente
789 718 881 746 neque
909 717 924 737 a
949 714 1024 737 recta
1048 707 1159 736 ratione
1183 706 1338 735 deficiant?
1369 707 1432 744 Jam
1460 716 1528 736 vero
1551 709 1764 745 aegritudines,
1793 715 1886 738 metus

378 767 407 789 et
433 761 561 796 reliquae
598 762 826 797 perturbationes
855 767 954 788 omnes
983 758 1164 786 deducuntur
1189 766 1223 787 ex
1242 766 1272 787 ea
1296 759 1424 795 insania,
1453 765 1485 787 ut
1511 766 1627 795 apparet
1660 767 1693 788 ex
1718 759 1759 788 IV
1786 759 1892 790 Tisse.-

383 810 458 840 libro
486 811 516 840 in
543 819 604 847 quo
628 812 793 841 Stoicorum
818 810 999 840 definitiones
1022 809 1056 837 de
1076 808 1163 838 animi
1194 809 1460 845 perturbationibus
1487 809 1676 839 inveniuntur
1703 816 1731 839 et
1755 818 1886 841 accurate

378 869 395 890 n
417 861 560 897 Cicerone
581 868 749 892 tractantur.

416 912 523 948 Capite
544 912 596 941 VI.
615 913 695 942 illius
725 913 789 942 libri
812 913 916 942 Cicero
940 911 1075 940 laetitiam
1100 911 1217 940 definitz
1249 910 1399 946 „Laetitia
1418 915 1446 938 et
1458 910 1547 939 libido
1569 911 1598 939 in
1616 911 1758 939 bonorum
1772 910 1889 947 opinio-

381 970 417 990 ne
441 969 609 999 versantur,
630 971 694 992 eum
718 963 809 992 libido
841 963 876 991 ad
899 963 928 991 id
952 963 1032 998 quod
1057 962 1170 991 videtur
1197 962 1305 990 bonum
1341 961 1445 997 inJecta
1472 968 1499 989 et
1532 961 1701 991 inflammata
1735 962 1884 998 rapiatur:

381 1013 484 1041 laetitia
506 1020 538 1041 ut
556 1015 655 1050 adepta
678 1015 734 1051 jam
751 1013 858 1049 aliquid
883 1014 1071 1049 concupitum
1098 1012 1242 1049 efferatur
1263 1018 1291 1041 et
1312 1015 1430 1050 gestiat.
1442 1011 1462 1025 '’
1483 1019 1510 1041 et
1537 1013 1636 1049 paullo
1654 1019 1732 1049 post.
1775 1011 1883 1049 „Cum

381 1064 514 1092 inaniter
550 1070 578 1091 et
602 1063 692 1092 effuse
715 1065 827 1092 animus
854 1064 1002 1098 exsultat,
1032 1069 1093 1091 tum
1120 1063 1167 1091 illa
1200 1063 1307 1091 laetitia
1342 1063 1469 1099 gestiens
1499 1064 1546 1091 vel
1569 1062 1655 1092 nimia
1681 1062 1738 1091 dici
1766 1067 1888 1100 potest,

381 1120 465 1149 quam
493 1113 531 1142 ita
559 1113 721 1149 definiunt,
742 1116 802 1143 sinc
827 1114 942 1142 ratione
966 1113 1054 1142 animi
1080 1113 1272 1143 elationem.”

419 1163 480 1192 Sub
503 1163 642 1193 Laetitiae
671 1164 759 1200 igitur
794 1170 821 1192 et
852 1164 982 1193 libidinis
1009 1164 1126 1193 nomine
1158 1163 1286 1192 Zenonis
1321 1163 1419 1192 schola
1451 1163 1590 1193 intellexit
1625 1162 1787 1200 insaniam3
1817 1162 1885 1200 quis

382 1215 457 1245 enim
475 1221 508 1243 nt
522 1215 663 1250 injectus,
687 1215 876 1244 inflammatus
888 1235 898 1250 ‚
920 1214 1066 1251 gestiens,
1087 1215 1172 1250 idque
1188 1215 1249 1243 sine
1268 1215 1384 1243 ratione
1403 1220 1430 1243 et
1445 1216 1578 1243 inaniter
1593 1214 1697 1251 gaudio
1718 1213 1884 1251 efferretur,

383 1267 439 1295 nisi
462 1272 555 1294 mente
581 1272 683 1302 captus
709 1267 771 1296 sit?
813 1266 973 1302 Aegritudo
1003 1266 1100 1294 eodem
1129 1265 1222 1301 capite
1252 1263 1295 1293 sic
1329 1264 1483 1294 definitur:
1518 1265 1707 1301 „Aegi-itudo
1730 1271 1774 1294 est
1798 1264 1888 1295 animi

381 1317 556 1346 adversante
574 1318 689 1344 ratione
712 1317 885 1346 contractio.
906 1316 981 1353 (Cf.
1000 1316 1142 1344 stobaeus
1159 1323 1190 1351 p.
1214 1315 1304 1352 176.)
1325 1316 1415 1344 Recte
1430 1315 1519 1352 igitur
1535 1314 1640 1344 Cicero
1656 1316 1758 1351 paullo
1773 1321 1838 1346 ante
1852 1315 1885 1346 in

382 1366 438 1395 hoc
460 1366 553 1402 capite
573 1367 699 1396 dixerat:
731 1367 824 1396 Stulti
849 1367 995 1403 aegritudo
1023 1372 1068 1394 eat
1095 1374 1125 1394 ea
1147 1373 1204 1401 qua
1227 1365 1389 1394 afficiuntur
1419 1365 1449 1394 in
1477 1364 1558 1394 malis
1591 1365 1716 1401 opinatis
1741 1365 1886 1395 animum·

382 1424 438 1453 que
463 1417 613 1445 dimittunt
634 1423 663 1446 et
686 1418 859 1447 contrahunt
885 1418 998 1446 rationi
1024 1425 1079 1446 non
1106 1416 1336 1454 obtemperantes.
1351 1416 1370 1429 ’³

418 1467 554 1504 Denique
579 1469 613 1496 de
637 1475 714 1497 metu
734 1468 881 1497 videamus
903 1468 999 1497 eodem
1016 1467 1094 1496 loco.
1131 1467 1186 1495 Est
1204 1473 1296 1495 metus
1317 1467 1431 1496 ratione
1449 1464 1572 1495 adversa
1587 1464 1683 1494 cautio
1705 1474 1770 1495 cum
1788 1467 1886 1497 exani-

380 1519 505 1549 matione
530 1519 634 1548 humili
659 1527 686 1548 et
708 1520 798 1548 fracta
818 1521 898 1558 (1).
939 1519 1016 1558 Quis
1039 1524 1133 1547 autem
1161 1525 1196 1547 eo
1216 1525 1308 1552 usque
1329 1517 1368 1546 rei
1389 1516 1474 1546 alicui
1496 1522 1598 1552 cavet,
1621 1522 1655 1545 ut
1676 1516 1813 1547 rationem
1833 1519 1884 1548 de·

379 1570 542 1605 relinquat,
562 1571 618 1598 nisi
644 1570 778 1599 stultus?

417 1621 609 1658 Quamobrem
631 1629 696 1648 cum
725 1620 907 1656 Peripatetici
937 1619 1173 1658 perturbationes
1200 1627 1258 1646 non
1286 1617 1447 1653 tollendas,
1480 1618 1528 1646 sed
1553 1617 1735 1646 moderandas
1758 1624 1786 1647 et
1809 1623 1882 1647 tem·

379 1672 514 1707 perandas
545 1677 713 1705 censerent,
732 1671 795 1707 jure
818 1678 918 1700 contra
946 1672 1018 1700 hanc
1046 1670 1210 1706 opinionem
1231 1669 1351 1697 clamare
1376 1668 1624 1703 syllogismosque
1643 1668 1782 1696 instruere
1800 1668 1881 1698 Stoi-

375 1721 424 1749 ci:
446 1727 474 1749 et
501 1720 599 1757 opinio
625 1730 680 1757 qua
705 1722 796 1750 Sto'ici
820 1731 879 1751 non
903 1723 1066 1752 rationalem
1093 1724 1178 1752 animi
1203 1722 1425 1751 commotionem
1451 1721 1501 1750 sed
1523 1721 1698 1750 irrationalia
1721 1721 1818 1750 deliria
1833 1729 1882 1751 ex·

377 1772 535 1809 stirparunt
557 1773 676 1802 omnino
703 1774 891 1803 confirmatur
919 1775 962 1804 his
983 1775 1106 1803 Senecae
1129 1774 1243 1804 verbis:
1265 1773 1323 1810 Ep.
1339 1773 1388 1808 85.

1780 1842 1799 1858 „
1818 1821 1882 1852 Fat-

414 1909 476 1943 (1)
496 1911 595 1937 Metum
613 1918 666 1937 esse
684 1913 883 1938 contractionem
903 1913 975 1938 animi
993 1914 1080 1939 rationi
1101 1921 1150 1940 non
1169 1913 1395 1945 obtemperantem,
1415 1909 1487 1942 cujus
1502 1916 1574 1936 causa
1587 1915 1626 1936 est
1643 1910 1733 1943 opinio
1747 1909 1805 1937 mali
1818 1916 1880 1936 con·

380 1960 506 1990 sequenti:
524 1965 554 1984 ex
574 1958 719 1984 Stoicorum
736 1959 856 1985 sententia
874 1959 950 1985 docet
976 1966 1001 1985 et
1019 1960 1142 1987 Stobaeus
1159 1968 1186 1993 p.
1203 1959 1262 1992 176.
