1946 2517
358 150 673 182 COMMENTATIO
703 160 746 182 At>
776 153 1079 191 QUAESTIONEM
1106 152 1327 183 PHYSICAM.
1574 161 1605 190 13

95 240 123 270 R
138 240 290 268 denotante
313 237 420 266 radium
433 236 570 273 pyxidis,
596 245 614 264 r
634 235 698 265 tubi
714 235 878 271 interioris,
905 243 932 266 et
951 247 969 266 n
985 237 1142 266 crassitiem
1160 235 1248 271 vitri,
1270 244 1284 264 e
1301 243 1360 271 quo
1378 235 1531 265 conlecto>-
1554 243 1597 264 est

97 294 184 323 tubus
197 313 207 329 ‚
228 291 398 329 superficies
416 290 597 319 mercuriales
616 295 698 318 erunt
716 288 758 316 uti
779 287 820 316 ΚΞ
839 305 878 311 -
898 290 937 323 (φ
895 289 993 365 --Ι-
1013 287 1071 325 n‘ss
1090 289 1124 316 ad
1144 287 1197 324 τῖς
1219 287 1308 324 igitur

511 340 554 369 R2
575 337 874 376 —(r†11)2:r²
894 348 931 354 ·-
942 347 1035 368 100:
1062 347 1073 368 1

419 413 496 445 unde
571 407 614 437 R2
633 417 669 436 =
695 407 783 435 100r2
803 411 841 446 -4-
862 408 894 437 r2
913 411 951 446 -ff-
971 418 1026 438 2171
1048 412 1085 447 -ξ-
1105 409 1139 438 7⁴²

433 465 494 493 sive
568 459 611 489 R2
630 468 668 488 =
688 460 775 488 ιῡιν2
794 461 831 496 -i-
851 469 908 489 2rn
928 461 964 496 -Ξ-
986 460 1020 488 73²

321 533 407 563 atque
421 525 487 554 hinc
567 520 595 549 R
628 529 664 547 =
683 513 1098 557 Vm

95 579 135 610 sit
154 588 198 610 ex.
215 587 258 617 gr.
280 587 298 608 r
316 587 352 606 =
373 586 389 606 2
407 573 581 605 millimetris
601 577 628 600 et
645 579 720 599 n:
742 573 751 586 ¹
776 569 962 605 millimetro,
984 571 1037 599 erit

493 635 576 664 Ε’-
540 655 576 662 ·—
595 630 781 670 V404÷2
799 630 979 666 -1-0,25-
941 649 979 657 -
998 626 1150 672 V405225

281 689 343 719 sive
359 688 474 718 circiter
494 687 523 715 R
543 696 578 714 =
599 683 686 719 20,16
707 681 889 711 millimetris.

97 745 154 774 Est
176 743 301 779 denique
326 750 353 772 et
380 743 432 771 alia
461 742 507 770 via
532 741 566 769 ad
587 737 783 768 inveniendam
807 743 900 764 veram
928 738 1061 766 mercurii
1084 737 1113 768 in
1139 740 1302 770 barometro
1322 740 1520 776 altitudinem,
1542 740 1609 771 scil.

97 796 252 824 diminutio
270 795 409 831 graduum
433 793 494 821 sive
517 790 698 820 divisionum
725 788 816 816 scalae
841 795 916 816 certa
943 790 1063 824 quadam
1090 793 1222 827 ratione,
1243 801 1314 828 quae
1328 793 1430 828 pendet
1446 801 1461 820 a
1479 792 1609 826 ratione,

99 855 157 882 qua
171 854 202 874 se
222 846 325 874 habent
349 845 523 873 mutationes
551 841 682 872 mercurii
705 840 734 868 in
752 839 825 867 tubo
852 841 887 868 ad
910 842 1085 870 mutationes
1103 843 1131 871 in
1150 843 1266 879 pyxide.
1309 844 1352 872 Sit
1376 844 1443 872 haec
1467 844 1539 872 ratio
1566 842 1613 871 uti

97 906 126 926 m
146 905 155 926 z
180 905 194 926 1
209 917 219 932 ,
241 903 270 925 et
288 902 399 924 mutata
413 895 483 924 aeris
503 893 654 931 pressione
668 892 781 927 longior
798 891 848 920 fiat
868 893 1003 922 columna
1019 895 1151 924 mercurii
1173 905 1200 924 m
1214 897 1251 933 -ί-
1269 905 1279 925 1
1304 897 1406 926 lineist
1430 902 1499 924 tunc
1518 897 1546 924 in
1564 901 1611 923 tu-

98 947 138 976 bo
154 946 306 975 adscendet
323 955 351 974 m
367 946 477 981 lineas,
499 945 528 974 in
540 943 647 981 pyxide
664 950 757 971 autem
778 942 928 972 descendet
953 952 1034 973 unam
1060 945 1181 976 lineam:
1204 948 1293 983 igitur
1313 947 1389 976 scala
1412 952 1523 975 tantum
1547 954 1609 974 mu-

98 997 236 1036 tationem
256 1006 283 1025 m
304 996 440 1024 linearum
463 995 621 1024 indicabit:
651 993 697 1023 sin
721 1004 748 1022 m
772 994 860 1023 lineas
878 995 908 1024 in
934 997 1012 1033 m÷
1030 1005 1042 1025 1
1063 1005 1160 1034 partes
1183 999 1366 1034 dividantur,
1387 1005 1413 1027 et
1440 999 1491 1026 hae
1516 1005 1611 1034 partes

96 1056 152 1085 pro
175 1048 259 1077 lineis
287 1054 436 1076 sumantur
455 1048 570 1088 ,scala
594 1053 686 1076 veram
711 1045 850 1075 indicabit
882 1047 1078 1078 mutationem.
1124 1049 1205 1078 Haec
1241 1050 1392 1078 methodus
1407 1070 1417 1084 ‚
1444 1058 1459 1077 a
1481 1049 1612 1078 Mullero

97 1098 352 1128 Darmstadn'ensi
374 1098 510 1133 inventa,
532 1096 665 1134 quamvis
685 1097 813 1126 omnium
838 1096 975 1127 facillima
994 1099 1024 1128 in
1052 1099 1233 1130 observando
1259 1101 1412 1136 videatur,
1439 1106 1532 1130 tamen
1549 1107 1613 1129 raro

96 1149 258 1180 adhibetur.
809 1189 827 1225 s
879 1189 898 1217 6

831 1207 840 1218 .
901 1209 910 1219 .

619 1265 667 1297 ‚Dc
686 1264 849 1294 barometro
869 1267 1086 1306 siphoniformi.

136 1340 169 1370 Si
185 1341 302 1378 omnia,
324 1348 396 1377 quae
412 1341 447 1370 de
463 1340 577 1378 pyxidis
594 1342 814 1383 constructione
836 1342 914 1372 dicta
932 1351 1022 1380 sunt,
1050 1344 1276 1382 recolligantur,
1298 1349 1414 1381 apparet
1431 1344 1560 1374 nondum
1579 1353 1613 1374 eo

98 1402 269 1432 perventum
289 1401 371 1428 esse,
401 1401 433 1422 ut
459 1393 525 1421 talis
554 1394 738 1423 constructio
756 1394 983 1432 excogitaretur,
1006 1404 1077 1431 quae
1094 1396 1230 1424 omnibus
1253 1395 1471 1424 difficultatibus
1487 1403 1614 1430 careret,

97 1445 207 1481 absque
219 1452 253 1473 eo
271 1450 304 1473 ut
322 1444 408 1473 nimis
418 1443 600 1480 composita,
617 1450 702 1481 atque
720 1445 784 1473 inde
802 1445 889 1474 nimis
906 1447 1031 1475 obnoxia
1049 1447 1135 1476 variis
1152 1448 1247 1476 causis
1266 1448 1492 1484 impedientibus
1513 1448 1610 1476 fierett

98 1504 210 1531 semper
224 1494 298 1524 enim
318 1495 389 1524 vitio
403 1495 485 1523 locus
503 1495 608 1530 datur,
630 1495 730 1524 sivein
747 1496 912 1524 adducenda
931 1498 1063 1526 mercurii
1084 1497 1236 1534 superficie
1251 1499 1286 1526 ad
1305 1504 1449 1534 punctum
1466 1499 1610 1534 quoddam

97 1546 269 1581 definitum,
290 1546 351 1574 sive
376 1546 406 1574 in
435 1545 611 1574 observanda
629 1546 691 1583 ejus
714 1547 749 1574 ab
775 1546 830 1575 hoc
849 1554 959 1582 puncto
991 1547 1146 1584 distantia,
1170 1549 1233 1577 sive
1260 1549 1290 1577 in
1308 1548 1476 1577 invenienda
1499 1551 1549 1577 hac
1570 1557 1614 1577 ea-

97 1599 160 1628 dem
183 1597 342 1627 differentia
360 1605 416 1634 ope
433 1597 672 1633 computationis.
713 1597 899 1634 Quapropter
914 1598 970 1635 J'am
1001 1598 1080 1628 brevi
1105 1607 1176 1636 post
1201 1600 1347 1629 inventum
1367 1602 1558 1629 barometrum
1578 1601 1613 1628 il-

99 1649 151 1678 lud
170 1649 209 1677 ita
227 1655 396 1677 construere
410 1654 577 1682 tentarunt,
601 1654 631 1675 ut
654 1656 774 1683 prorsus
804 1657 864 1678 non
886 1658 962 1686 opus
983 1658 1058 1679 esset
1084 1652 1209 1688 pyxide,
1237 1652 1336 1688 quod,
1358 1659 1390 1681 ut
1416 1653 1472 1690 jam
1502 1653 1611 1681 dictum

97 1707 163 1736 est,
184 1694 314 1730 fecerunt
331 1700 499 1729 inflectenda
515 1699 650 1727 inferiore
667 1700 730 1728 tubi
748 1702 922 1730 extremitate
937 1700 967 1730 in
995 1701 1116 1730 formam
1134 1702 1268 1738 siphonis
1281 1723 1290 1738 ,
1314 1703 1351 1732 ita
1372 1711 1403 1732 ut
1429 1705 1512 1733 ambo
1533 1712 1615 1732 crura

95 1752 230 1788 parallela
248 1758 363 1786 essent,
385 1758 411 1780 et
428 1751 554 1788 ejusdem
572 1751 721 1787 diametri3
744 1757 812 1780 tunc
831 1753 946 1781 initium
963 1754 1113 1782 columnae
1130 1755 1306 1783 mercurialis
1318 1775 1327 1790 ,
1350 1763 1422 1791 quae
1440 1755 1512 1783 a'e'ris
1533 1763 1612 1790 pres-

96 1802 179 1831 sione
210 1809 413 1838 sustentatur,
442 1808 628 1838 computatur
654 1801 689 1830 ab
715 1801 763 1830 illa
789 1803 886 1839 linea,
914 1812 986 1839 quae
1013 1805 1068 1833 sub
1092 1805 1198 1841 angulo
1226 1811 1305 1833 recto
1327 1807 1361 1834 ad
1388 1814 1470 1835 crura
1492 1812 1613 1841 utraque

97 1854 184 1882 ducta
213 1859 330 1890 tangens
348 1859 392 1881 est
418 1861 561 1882 convexae
584 1853 744 1889 superficiei
762 1854 894 1883 mercurii
916 1855 944 1884 in
966 1855 1075 1884 minore
1095 1864 1189 1885 crure.
1232 1856 1263 1884 ln
1282 1857 1332 1884 tali
1353 1857 1512 1888 barometro
1527 1863 1614 1891 quae-

96 1903 142 1933 vis
165 1903 288 1932 mutatio
305 1904 335 1931 in
360 1911 444 1932 crure
471 1904 577 1940 majore
603 1903 743 1932 indicabit
771 1911 882 1934 tantum
901 1907 1047 1935 dimidiam
1072 1913 1177 1942 partem
1199 1908 1291 1935 totius
1317 1908 1506 1942 mutationis,
1528 1915 1612 1942 quam

100 1954 190 1984 subiit
205 1956 338 1983 columna
354 1954 541 1983 mercurialis.
584 1955 615 1983 Si
630 1956 702 1983 enim
723 1955 751 1984 in
771 1965 857 1985 cruce
877 1958 982 1994 majore
1004 1966 1014 1986 1
1042 1957 1143 1986 lineam
1171 1957 1347 1986 descenderit
1369 1959 1545 1992 mercurius,
1568 1961 1613 1985 to-

97 2006 185 2036 tidem
203 2005 379 2037 adscenderit
393 2005 422 2036 in
442 2005 568 2043 minori,
589 2006 628 2035 ita
651 2012 683 2035 ut
701 2007 837 2037 columna
861 2008 973 2036 duabus
992 2008 1075 2038 lineis
1101 2008 1216 2038 brevior
1243 2008 1318 2038 facta
1349 2009 1448 2038 fuerit.
1469 2023 1504 2033 —
1525 2008 1614 2044 Voig-

884 2059 906 2088 13
927 2067 942 2095 3
1535 2061 1617 2095 tius,
