1946 2517
370 173 391 206 6
820 174 1097 210 C.J.v'11‹
1151 176 1412 217 ASSEN,

371 262 517 302 Accedit,
547 260 635 306 quod
658 262 697 301 *in
727 269 900 306 conspectu
933 261 1035 294 habeo
1067 262 1154 294 viros
1179 262 1380 295 Clarissimus
1407 275 1479 303 eos,
1515 264 1571 308 qui
1597 264 1664 309 jam
1690 267 1725 299 in
1763 279 1836 301 mu-

372 331 449 351 nere
469 319 606 362 collegae
640 319 719 350 mihi
745 319 886 361 obtigere
908 319 1132 357 amantissimi,
1165 320 1286 363 quique
1312 320 1408 351 iidem
1437 324 1654 365 Praeceptores
1676 324 1739 355 mei
1767 323 1834 356 fue-

371 387 406 408 re
429 375 701 413 aestumatissimi‚
725 382 756 406 et
783 383 912 418 propter
934 383 1079 408 sanctum
1111 378 1174 409 hoc
1200 390 1337 417 nomen,
1366 380 1393 410 si
1417 391 1479 423 qua
1507 388 1553 412 est
1575 382 1609 412 in
1635 392 1687 413 me
1717 383 1834 425 pietas,

371 433 512 465 studiose
543 432 668 463 colendi
694 439 788 463 sunt:
845 433 914 466 Hos
945 435 1043 476 igitur
1079 435 1186 467 videre
1212 437 1293 467 mihi
1323 436 1434 468 videor
1457 437 1630 479 pendentes
1658 439 1774 470 animis
1803 445 1834 471 et

373 490 519 532 quamvis
539 488 655 530 gratiae
673 499 766 519 causa
785 496 920 531 negent,
948 501 1036 533 spem
1060 494 1142 523 inter
1160 499 1192 524 et
1213 501 1332 525 rretum
1351 493 1390 524 de
1408 504 1458 524 me
1487 493 1688 527 fluctuantes.
1733 496 1834 527 Nimi-

374 558 445 577 rum
464 546 650 578 obversatur
669 547 730 577 illis
747 554 819 577 ante
841 554 977 578 mentem
1003 550 1162 591 praeteriti
1179 552 1329 593 temporis
1352 549 1545 588 recordatio,
1568 562 1643 582 cum
1659 551 1834 594 discipulus

375 613 460 634 unus
483 614 500 633 e
531 604 641 634 multis
671 604 704 634 in
729 603 851 634 scholas
883 606 1084 644 ventitarem‚
1112 604 1261 637 docentes
1287 606 1453 645 audirem,
1484 613 1516 637 et
1548 607 1635 639 nihil
1669 614 1834 651 tantopere

373 659 550 691 laborarem
572 684 581 697 ,
619 671 715 703 quam
747 661 1019 703 quemadmodum
1052 662 1224 693 tolerabilis
1259 662 1432 705 aliquando
1466 663 1631 694 evaderem
1664 674 1833 696 causarum

375 723 541 760 patronus.
596 717 704 748 Petere
743 716 802 746 'nos
830 727 847 747 a
879 727 928 748 me
956 718 1092 749 arbitror
1126 720 1265 751 rationes
1303 720 1483 751 studiorum
1516 730 1689 757 meorum,
1720 720 1833 763 quales

369 784 427 817 per
447 773 540 804 hosce
557 773 664 804 decem
684 784 784 804 annos
796 773 929 812 fuerint,
947 782 977 806 et
995 786 1105 816 rogare
1121 786 1189 812 me,
1212 786 1291 806 num
1314 775 1498 806 salutarium
1511 797 1520 812 ‚
1543 787 1626 818 quae
1642 775 1724 807 mihi
1739 775 1835 807 tradi-

375 830 510 868 derunt,
538 837 777 873 praeceptorum
790 852 799 867 ,
823 831 1009 862 memoriam
1028 831 1162 863 fideliter
1181 832 1334 863 coluerim
1350 854 1361 870 ,
1383 838 1554 874 sancteque
1575 832 1745 870 servarim,
1766 843 1835 875 quo

374 898 425 918 me
442 886 636 924 inbuerunt,
659 887 928 931 jurisprudentiae
953 895 983 919 et
1004 888 1178 920 litterarum
1197 898 1349 919 amorem.
1394 891 1431 918 Et
1456 887 1593 918 multum
1619 887 1761 930 profecto
1780 887 1835 919 ab·

371 944 430 979 sit,
459 949 495 973 ut
519 942 602 974 hanc
630 945 696 974 sive
719 945 935 986 quaestionem
961 945 1029 976 siv-e
1055 945 1285 976 dubitationem
1315 945 1347 976 in
1370 945 1486 976 matam
1511 953 1631 987 partem
1662 945 1835 988 accipiam3

372 1011 447 1032 nam
465 1000 523 1030 etsi
540 1011 608 1031 non
629 999 772 1037 inficior,
787 1011 851 1038 me,
871 1012 944 1031 cum
961 1001 1015 1032 hic
1031 1001 1210 1033 studiorum
1227 1013 1320 1033 causa
1336 1012 1496 1039 versarer,
1515 1001 1626 1032 sedulo
1646 1002 1685 1033 iis
1702 1011 1833 1044 operam

373 1067 520 1095 navasse,
554 1063 659 1087 tamen
687 1058 718 1087 in
739 1055 895 1097 ejusmodi
924 1056 1072 1100 deinceps
1097 1065 1238 1101 tempora
1264 1058 1450 1094 incidimus,
1482 1057 1600 1099 quibus
1626 1065 1755 1100 propter
1778 1068 1836 1088 va-

371 1113 451 1143 riam
477 1122 583 1144 rerum
602 1111 763 1142 fortunam
786 1112 836 1142 vel
856 1114 1147 1144 constantissmnum
1170 1114 1332 1144 hozizinein
1361 1111 1494 1142 mirifice
1517 1112 1600 1142 affici
1623 1123 1749 1143 necesse
1766 1112 1833 1143 fue-

371 1170 428 1205 rit,
451 1176 482 1200 et
506 1180 524 1200 a
547 1168 679 1212 pristina
702 1169 783 1198 vitae
809 1171 932 1199 ratione
952 1167 1044 1199 facilc
1064 1172 1198 1201 avocari.
1245 1171 1350 1209 Quare
1369 1169 1472 1199 sentio
1495 1176 1525 1198 et
1549 1167 1709 1209 intelligo,
1732 1178 1830 1210 quam

370 1225 492 1256 fortiter
523 1232 554 1256 et
588 1225 711 1265 pietatis
737 1224 879 1256 officium
906 1231 938 1256 et
959 1226 1101 1256 muneris
1124 1227 1204 1256 ratio
1229 1237 1278 1256 me
1302 1225 1433 1267 jubeant
1456 1247 1466 1260 ,
1499 1223 1577 1254 huic
1609 1222 1720 1254 talium
1746 1225 1835 1256 viro·

371 1292 444 1312 rum
476 1281 633 1312 desiderio
659 1281 857 1324 aliquantum
883 1281 1059 1313 satisfacere
1083 1283 1210 1320 conari,
1233 1282 1333 1323 iisque
1356 1279 1509 1324 probare,
1531 1289 1582 1310 me
1606 1289 1696 1321 spem
1717 1285 1750 1310 et
1779 1291 1833 1311 ex-

372 1339 616 1378 spectationem,
646 1348 742 1379 quam
769 1336 808 1368 de
830 1338 949 1379 juvene
977 1338 1201 1380 susceperint,
1232 1337 1365 1368 eandem
1397 1337 1503 1366 virum
1533 1346 1599 1366 non
1631 1345 1762 1378 prorsus
1790 1334 1834 1367 fe·

369 1392 482 1424 fellisse
506 1401 537 1424 et
561 1403 666 1424 rerum
699 1392 875 1424 forensium
900 1405 960 1424 usu
987 1395 1029 1424 ita
1054 1404 1124 1424 esse
1148 1395 1382 1424 contormatum
1402 1413 1413 1431 ‚
1453 1398 1488 1422 ut
1520 1402 1627 1422 meum
1658 1390 1833 1433 qualecun-

370 1461 434 1492 que
458 1449 730 1493 Jurisprudentiae
753 1451 902 1493 antiquae
928 1449 1071 1481 studium
1097 1461 1164 1482 non
1185 1450 1371 1487 extinxerit,
1408 1448 1463 1480 sed
1484 1446 1585 1478 multo
1610 1448 1711 1490 magis
1736 1458 1833 1481 auxe-

369 1509 408 1538 rit
433 1513 527 1549 atque
553 1505 765 1549 amplificarit.

417 1564 589 1606 Reputanti
615 1573 690 1593 vero
716 1574 841 1594 mecum
864 1575 927 1607 qua
956 1564 1075 1607 optima
1103 1564 1224 1594 ratione
1249 1562 1392 1593 debitum
1424 1562 1521 1593 hocce
1553 1571 1672 1592 munus
1705 1559 1833 1604 explere

369 1625 403 1650 et
421 1629 510 1650 sensa
530 1621 645 1649 mentis
662 1619 818 1661 explicare
834 1630 956 1661 possem
976 1642 986 1656 ‚
1011 1619 1098 1650 nulla
1113 1619 1187 1650 huic
1208 1629 1279 1649 meo
1308 1618 1442 1649 consilio
1471 1619 1599 1648 materia
1631 1616 1832 1647 commodior

369 1686 472 1712 neque
488 1678 590 1717 aptior
613 1675 653 1706 ad
677 1675 847 1706 dicendum
868 1678 931 1706 visa
954 1682 1020 1712 est,
1047 1685 1144 1718 quam
1166 1685 1246 1717 quae
1270 1681 1428 1718 peteretur
1453 1673 1493 1704 ab
1524 1673 1600 1716 ipsis
1617 1673 1702 1703 Juris
1720 1672 1830 1703 Civilis

365 1731 522 1763 laudibus.

430 1789 539 1818 Dicam
584 1788 680 1829 igitur
725 1786 766 1818 cle
820 1789 901 1818 Juris
942 1790 1081 1818 Romani
1121 1786 1224 1818 studio
1273 1787 1335 1819 lzoc
1375 1790 1441 1830 tpso
1490 1793 1630 1830 tempore
1674 1786 1834 1830 diligemer

368 1843 495 1874 tuendo.

417 1902 447 1930 [n
475 1900 565 1941 ‹ujus-
587 1900 763 1941 argumenti
792 1900 991 1935 ofsensione,
1015 1905 1050 1929 ut
1074 1898 1157 1932 bona
1184 1911 1257 1932 cum
1285 1900 1376 1932 venia
1405 1909 1454 1930 me
1483 1897 1630 1938 audiatis,
1658 1898 1832 1932 Auditores

370 1956 620 1994 Uinianiasimi,
643 1967 700 1987 oro
723 1958 785 1987 Vo5
808 1963 901 1999 atque
924 1957 1064 1989 obsecro.

770 2009 773 2011 ’
1777 2011 1830 2043 In·
