1946 2517
332 184 365 212 ,ε
638 180 1010 212 ουιιιΕιΜι
1069 180 1533 213 WENCKEBACH

331 265 394 294 sine
419 263 643 300 thermometro‚
671 264 715 293 vel
740 270 796 300 ope
821 261 911 300 hujus
931 261 1123 294 instrumenti.
1170 264 1230 304 Qui
1251 266 1345 302 priore
1370 266 1458 296 modo
1483 266 1530 295 usi
1552 272 1640 303 sunt,
1670 269 1752 305 prius
1775 279 1834 300 me-

333 316 477 344 tiebantur
515 315 606 344 totius
639 315 791 343 columnae
827 313 1020 350 mercurialis,
1052 322 1110 351 qua
1135 314 1325 346 barometrum
1355 317 1566 353 siphoniforme
1594 320 1734 355 repletum
1765 327 1839 357 est,

336 365 547 402 longitudinem
573 374 606 395 eo
632 367 734 394 caloris
766 366 875 402 gradu,
899 365 934 395 ad
963 374 1046 402 quem
1079 375 1179 397 omnes
1202 368 1416 399 observationes
1444 371 1574 399 reducere
1596 371 1750 402 volebant:
1779 378 1839 405 erat

334 425 429 448 autem
454 418 500 447 hic
527 418 632 455 gradus
657 418 754 458 mim·
775 417 969 447 thermometri
993 417 1214 450 Reaumurianiz
1247 421 1319 450 hanc
1352 427 1570 458 temperaturam
1597 423 1740 452 vocabant
1769 432 1840 452 nor-

336 472 440 499 malem
469 475 722 508 temperaturam,
750 477 840 507 atque
858 470 1067 507 longitudinem
1091 471 1241 501 columnae
1264 471 1396 501 mercurii
1424 472 1538 508 totius,
1565 473 1621 502 hoc
1643 474 1749 503 caloris
1778 482 1841 510 gra-

335 523 373 550 du
401 521 634 559 determinatam,
665 524 824 552 normalem
855 522 1086 560 longitudinem
1113 523 1240 560 deinde,
1269 529 1377 552 mutata
1402 524 1471 552 aei-is
1497 523 1647 559 pressione
1672 529 1702 552 et
1734 524 1840 554 caloris

335 573 424 609 gradu
440 593 451 608 ,
480 572 583 602 iterum
611 573 801 603 metiebantur
834 580 925 603 totam
954 574 1116 603 columnam
1147 581 1175 604 et
1198 575 1351 604 barometri
1379 575 1556 604 altitudinem
1572 595 1584 611 ,
1611 575 1632 604 i.
1657 582 1686 604 e.
1713 574 1843 604 altitudi-

339 632 404 653 nem
436 623 613 654 mercurialis
644 625 807 661 superficiei
832 626 862 655 in
890 634 972 654 crure
1000 627 1105 664 majore
1129 634 1215 663 supra
1250 625 1384 656 mercurii
1412 626 1442 655 in
1470 634 1553 655 crure
1579 625 1690 655 minore
1723 625 1844 662 superfi-

336 676 408 704 ciem
421 696 432 711 ,
453 682 540 712 atque
559 676 605 705 his
623 677 750 714 cognitis
767 678 823 706 hoc
839 678 953 706 calculo
971 677 1143 707 utebantur:
1163 678 1206 707 uti
1224 678 1373 707 observata
1396 677 1488 705 totius
1508 677 1661 707 columnae
1684 677 1843 714 longitudo

334 735 367 756 se
391 726 474 755 habet
496 727 531 756 ad
551 727 760 764 longitudinem
780 729 955 764 normalem,
976 728 1015 757 ita
1039 729 1189 758 observata
1210 729 1333 758 altitudo
1355 727 1509 757 barometri
1532 735 1565 757 se
1587 728 1674 757 habet
1697 729 1732 757 ad
1753 736 1842 764 eam,

332 778 367 806 ad
384 785 468 813 quam
491 784 577 806 staret
598 783 785 815 temperatura
808 779 949 809 normali:
970 785 1055 816 atque
1073 780 1115 809 ita
1131 780 1204 809 hanc
1229 779 1398 809 obtinebant
1422 778 1643 814 multiplicando
1665 779 1844 809 observatam

331 828 514 857 altitudinem
534 837 601 857 cum
620 829 742 858 normali
761 830 852 859 totius
874 830 1025 861 columnae
1042 831 1242 870 longitudine,
1261 837 1291 860 et
1315 830 1468 860 dividendo
1483 829 1658 866 productum
1675 837 1725 866 per
1741 829 1842 858 obser-

330 887 425 909 vatam
450 880 573 917 ejusdem
600 880 752 909 columnae
776 880 999 918 longitudinem.
1042 883 1118 912 Cum
1148 883 1200 912 hac
1226 881 1355 917 ratione,
1385 889 1442 916 qua
1467 888 1538 909 usus
1567 885 1612 908 est
1635 879 1843 908 Rosemhalius

333 932 416 960 valde
437 931 572 960 convenit
599 940 652 967 ea,
680 939 764 967 quam
797 933 953 968 proposuit
977 942 1053 963 anno
1080 941 1154 972 1759
1183 933 1250 963 Cel.
1272 932 1320 961 La
1344 932 1495 969 Grangius
1521 936 1550 959 et
1576 930 1710 960 adhibuit
1730 929 1843 959 Paulus

333 983 545 1012 Lamanonius.
603 983 703 1018 Atque
740 983 917 1013 Swindcnius
948 985 1060 1020 quidem
1079 1004 1091 1021 ‚
1119 985 1158 1015 V.
1184 985 1235 1015 Cl.
1253 1005 1265 1022 ,
1298 985 1370 1013 hanc
1402 982 1539 1011 rationem
1577 980 1700 1017 praefert
1732 980 1845 1016 alteri,

333 1043 392 1070 qua
414 1034 566 1063 adhibetur
592 1035 848 1071 thermometrum,
879 1036 1025 1071 quiahoc
1058 1037 1151 1065 multo
1176 1036 1284 1070 citius,
1312 1042 1398 1070 quam
1425 1034 1522 1069 ipsum
1546 1032 1737 1061 barometrum
1768 1031 1842 1060 cale·

332 1084 401 1120 fiet,
430 1085 519 1122 igitur
543 1086 676 1122 majorem
705 1086 809 1114 caloris
843 1086 962 1122 gradum
986 1086 1148 1121 indicabit,
1180 1093 1266 1122 quam
1289 1093 1376 1119 eum,
1404 1091 1489 1119 quem
1517 1083 1601 1111 habet
1629 1082 1846 1111 barometrumt

332 1136 382 1164 sed
413 1143 501 1171 quum
536 1135 604 1164 haec
633 1136 786 1165 difficultas
820 1136 934 1166 sublata
968 1137 1007 1166 sit
1035 1136 1187 1167 Dollondii
1218 1135 1438 1166 constructione
1454 1155 1467 1170 ,
1499 1142 1559 1170 qua
1580 1133 1659 1162 calor
1689 1140 1749 1162 non
1779 1137 1848 1162 ante

332 1190 563 1219 thermometrum
597 1190 732 1227 attingit,
764 1197 847 1227 quam
872 1190 1044 1219 mercurium
1071 1191 1103 1220 in
1122 1190 1285 1219 barometro
1313 1186 1498 1221 calefecerit,
1525 1184 1597 1214 mihi
1620 1189 1712 1212 tamen
1741 1183 1845 1219 potius

330 1241 469 1270 utendum
502 1241 616 1270 videtur
647 1241 873 1277 thermometro,
901 1242 932 1270 in
961 1249 1025 1271 arca
1052 1239 1205 1270 barometri
1237 1239 1365 1268 incluso.
1412 1236 1502 1275 Quod
1530 1235 1786 1270 thermometrum2
1813 1238 1848 1264 ut

333 1292 405 1320 hauc
434 1299 650 1328 temperaturam
670 1300 801 1322 accurate
825 1292 954 1328 indicet,
983 1293 1066 1322 debet
1086 1299 1200 1321 summa-
1223 1288 1370 1326 diligentia
1391 1287 1561 1317 confectum·
1581 1293 1669 1321 esse,
1685 1290 1772 1321 atque
1796 1284 1847 1314 ad-

331 1342 433 1371 hibitis
456 1343 590 1372 omnibus
618 1343 737 1372 cautelis
760 1344 795 1372 ad
825 1343 934 1373 bonum
969 1344 1207 1372 thermometrum·
1234 1340 1460 1369 construendum
1489 1337 1661 1367 necessariis
1681 1336 1763 1373 (ι).
1802 1334 1847 1364 Sit

330 1393 419 1430 igitur
444 1394 601 1422 mercurius
624 1401 745 1430 purus3
772 1394 863 1423 tubus
892 1394 1003 1430 ubique
1027 1393 1141 1422 eandem
1174 1392 1342 1421 diametrum
1373 1388 1496 1422 habeat;
1523 1388 1630 1417 divisio
1667 1385 1850 1416 accuratissi-

333 1453 379 1474 me
406 1445 496 1474 scalae
521 1445 669 1481 insculpta
690 1445 748 1482 sit;
778 1453 918 1483 praeterea
943 1452 1082 1482 punctum
1116 1441 1297 1473 ebullitionis
1324 1441 1356 1470 in
1382 1437 1517 1469 omnibus
1545 1436 1759 1465 thermometris
1786 1443 1848 1466 cer-

330 1503 358 1524 ta
380 1496 500 1531 quadam
534 1496 688 1532 eademque
710 1497 862 1525 barometri
889 1497 1038 1525 altitudine
1069 1495 1296 1528 determinetur3
1327 1499 1401 1528 aqua
1433 1490 1506 1518 enim
1531 1497 1564 1517 co
1599 1488 1710 1518 minore
1739 1487 1845 1518 caloris

329 1547 417 1582 gradu
436 1546 573 1581 ebulliet,
595 1554 653 1581 quo
682 1547 771 1576 rarior
793 1547 831 1575 sit
856 1547 901 1575 aer
922 1547 1011 1583 (2),
1033 1545 1075 1574 uti
1091 1546 1148 1582 jam
1174 1543 1339 1574 observavit
1357 1541 1508 1578 Johannes
1527 1539 1649 1569 Birdt'us
1664 1540 1739 1578 (3),
1770 1539 1848 1568 unde

329 1603 359 1625 et
384 1597 467 1625 valde
489 1597 656 1633 probandus
686 1603 730 1625 est
766 1605 829 1625 mos
861 1599 1044 1633 quoi-undum
1073 1596 1239 1631 artificum,
1271 1594 1361 1625 veluti
1388 1594 1513 1622 Pistorii
1549 1590 1765 1625 Berolinensis,
1795 1589 1847 1625 qui

328 1646 360 1676 in
383 1647 575 1676 thermometri
600 1649 675 1676 scala
704 1647 874 1684 insculpunt
898 1648 972 1676 illam
995 1649 1148 1677 barometri
1171 1647 1371 1680 altitudinem,
1393 1652 1450 1679 qua
1469 1643 1687 1671 determinatum
1705 1647 1748 1669 est
1764 1640 1848 1668 ebul·

327 1697 439 1727 litionis
459 1705 615 1734 punctum.
662 1698 763 1727 Locus
792 1698 995 1728 thermometro
1017 1699 1047 1728 in
1068 1706 1132 1727 arca
1152 1696 1302 1727 barometri
1326 1695 1398 1723 alius
1423 1693 1458 1721 ab
1485 1692 1549 1722 aliis
1572 1693 1674 1721 datur:
1704 1690 1787 1720 multi
1813 1691 1852 1722 il.-

329 1747 380 1777 lud
401 1749 545 1779 collocant
566 1750 648 1787 iuxta
672 1750 850 1786 superiorem
882 1751 947 1780 tubi
974 1757 1101 1788 partem,
1129 1749 1198 1786 alii,
1225 1747 1314 1777 veluti
1340 1745 1387 1775 Dc
1412 1744 1522 1773 Lucius
1539 1744 1622 1780 juxta
1647 1741 1773 1821 medium³
1801 1747 1848 1770 tu-

1776 1799 1848 1822 um:

358 1866 415 1896 (ι)
435 1867 505 1890 Cone.
521 1868 550 1889 de
566 1865 600 1888 his
615 1872 700 1894 ιιοτ,
725 1866 807 1888 ΤνΔίιί
823 1868 877 1890 Gln.
904 1868 931 1890 T·
946 1869 964 1891 l.
986 1875 1007 1896 p.
1024 1868 1132 1891 26-ὀὲ-

355 1907 406 1934 (2)
430 1908 499 1933 Hujus
513 1908 546 1930 rei
559 1908 654 1930 notitiae
669 1913 845 1936 superstructum
859 1914 893 1931 est
913 1908 1111 1936 thermometrum‚
1130 1908 1192 1936 quod
1209 1904 1329 1929 barometri
1348 1905 1411 1927 vlcc:
1428 1904 1450 1926 in
1464 1901 1639 1926 determinmdis
1654 1902 1756 1924 locorum
1769 1899 1851 1923 nltim-

331 1948 419 1970 «linibus
433 1949 541 1970 sustinet·
559 1950 615 1971 haec
633 1949 692 1971 enlm
709 1954 853 1976 computatur
867 1954 896 1970 ex
912 1949 952 1971 illo
970 1949 1051 1971 caloris
1066 1950 1148 1975 gradu,
1171 1954 1236 1975 quem
1259 1947 1343 1968 indicat
1361 1948 1406 1968 hoc
1422 1947 1620 1974 therinometrum,
1635 1944 1725 1970 quando
1741 1943 1763 1964 ln
1776 1940 1848 1969 asih-

333 1990 373 2011 ατο
393 1990 512 2016 supposito
529 1995 584 2017 aqu·
597 1990 682 2012 ebullit.
718 1990 771 2012 Vid.
785 1991 851 2012 mlius
866 1991 1023 2014 thermometri
1037 1989 1213 2019 descriptionem
1231 1989 1257 2011 iu
1270 1987 1357 2011 Philet.
1374 1988 1458 2015 Tum,
1475 1986 1537 2014 ¹3¹7·
1558 1986 1623 2010 ΡΨ*
1632 1984 1660 2011 ¹¹·
1683 1989 1708 2011 P·
1725 1983 1777 2011 ¹⁸³·

354 2031 406 2060 (³)
427 2031 497 2055 cous.
511 2031 595 2054 Philas.
612 2031 691 2055 Trans.
712 2032 763 2055 Vol.
778 2031 856 2056 Lle.
877 2038 900 2061 p.
914 2037 966 2058 ειη.

1939 1851 1946 2064 ἰ

1932 2065 1942 2320 f

1926 2328 1934 2517 t
