1946 2517
364 151 396 179 18
635 134 1525 183 *EuonNttna'V1Ds

402 233 450 262 Sic
481 240 511 262 ea
538 232 592 261 sub
622 239 774 268 campanas
806 232 927 267 posuit,
954 232 1047 262 varias
1078 234 1216 264 mixturas
1247 235 1333 264 Aeris
1363 235 1596 272 Atmosphaerici
1626 243 1653 266 et
1687 237 1749 266 Gas
1778 237 1861 268 Acidi

366 283 523 313 Carbonici
547 285 749 318 continentes,
787 282 917 319 quotidie
937 291 989 320 per
1011 284 1141 321 quinque
1167 285 1210 314 vel
1235 293 1285 315 sex
1311 286 1396 315 horas
1426 294 1472 315 eas
1500 287 1557 317 soli
1583 289 1735 325 exposuit,
1766 296 1795 318 et
1820 297 1862 318 se-

367 342 489 372 quentes
508 335 626 364 fuerunt
644 334 775 364 effectus.

408 386 450 417 1⁰.
482 389 674 423 Augmentum
704 394 824 423 eorum,
853 395 927 423 quae
952 395 1003 424 per
1030 396 1066 418 ιο
1092 387 1152 417 dies
1182 387 1212 416 in
1240 389 1310 418 Aere
1343 388 1585 426 Atmosphaerico
1617 397 1692 426 puro
1721 397 1864 421 creveram

366 437 424 467 fuit
445 438 459 466 8
481 446 525 474 gr.
546 446 600 474 pro
619 445 736 473 quoque
755 437 833 475 piso.

409 488 454 517 20.
475 488 536 517 Hae
555 489 670 525 plantae
690 490 720 518 in
738 495 876 519 contactu
893 497 959 518 cum
980 489 1042 519 Gas
1063 489 1149 519 Acidi
1168 491 1333 522 Carbonico
1353 499 1427 528 puro
1447 492 1544 521 statim
1563 492 1721 529 perierunt.

405 542 451 576 3⁰.
473 540 505 569 In
524 541 587 569 aere
605 542 622 581 ξ
641 547 669 569 et
688 544 705 581 ξ
724 541 785 570 Gas
805 541 889 570 Acidi
910 541 974 578 puri
995 541 1160 570 continente
1181 543 1255 570 idem
1276 542 1404 572 obtinuit
1424 543 1556 574 effectus.

402 591 446 627 4⁰.
467 590 502 620 In
521 594 584 620 aere
603 594 621 629 ἑ
642 598 749 628 partem
768 592 936 622 continente
954 598 1024 629 post
1043 601 1154 630 paucos
1173 594 1234 622 dies
1253 595 1397 631 vegetatio
1417 596 1554 625 cessavit.

402 642 448 680 5⁰.
469 642 545 672 Cum
566 644 583 680 ἑ
603 649 703 679 parte,
723 649 907 680 augmentum
928 642 986 672 fuit
1008 651 1025 679 7
1049 651 1090 681 gr.

404 693 450 724 6⁰.
470 694 504 723 In
526 695 591 723 aere
613 701 682 723 vero
709 697 743 732 5¹3
768 695 857 732 huJ'us
882 694 943 723 Gas
966 695 1051 724 Acidi
1073 694 1230 725 Carbonici
1257 703 1364 734 partem
1389 697 1556 726 continente
1583 697 1618 725 ad
1646 706 1676 727 ιι
1701 705 1747 735 gr.
1770 706 1864 728 acere„

363 751 473 776 verant.
524 746 645 782 Saepius
661 746 734 776 iilud
756 747 979 783 experimentum
1005 748 1135 778 instituit
1151 755 1178 777 et
1200 756 1309 784 semper
1327 748 1425 777 eodem
1443 756 1508 777 cum
1527 747 1650 784 effectu3
1678 749 1778 778 exinde
1794 757 1864 779 con·

363 796 457 826 cludit
483 796 721 833 Atmosphaeram
752 799 787 836 5¹2
813 805 920 835 partem
946 800 1006 828 Gas
1030 799 1116 829 Acidi
1138 800 1293 829 Carbonici
1316 800 1510 829 continentem
1535 798 1713 835 aptissimam
1736 807 1798 829 esse
1826 799 1862 829 ad

360 847 569 883 vegetationem
599 849 826 878 sustentandam.
867 849 901 878 In
931 850 1029 879 umbra
1052 851 1114 879 sive
1146 851 1176 879 in
1208 852 1275 880 loco
1307 852 1372 880 luce
1411 850 1551 879 destituto
1578 851 1722 880 minimam
1751 850 1866 886 quidem

361 898 424 927 Gas
456 898 540 927 Acidi
573 898 732 928 Carbonici
764 898 880 936 copiam
920 901 979 930 aeri
1004 901 1158 931 ·ambienti
1190 901 1309 931 admixti
1346 910 1450 931 nocere
1479 908 1567 938 atque
1602 901 1718 939 plantas
1753 908 1868 931 enecare

360 948 482 978 invenit.

398 999 484 1028 Plane
507 1008 541 1028 ex
561 999 642 1030 hisce
669 1002 872 1038 experimentis
899 1003 986 1031 nobis
1009 1008 1109 1039 patet,
1136 1002 1198 1032 Gas
1221 1004 1346 1033 Acidum
1368 1003 1563 1032 Carbonicum
1589 1008 1665 1032 certa
1686 1002 1718 1032 in
1743 1010 1866 1040 propor-

362 1050 443 1078 tione
464 1050 690 1086 Atmosphaerae
715 1052 894 1087 admixtum,
924 1060 1008 1089 quam
1032 1053 1154 1082 maxime
1183 1054 1356 1091 vegetationi
1379 1054 1484 1083 favere.
1526 1053 1735 1083 Defoliationes
1766 1054 1864 1083 locum

363 1099 485 1135 habent,
507 1102 622 1136 quando
642 1102 757 1137 plantae
775 1104 805 1132 in
825 1103 889 1132 εἷπε
910 1103 1005 1133 Acido
1025 1104 1189 1133 Carbonico
1209 1111 1321 1134 carente
1339 1110 1488 1134 versantur
1507 1104 1587 1142 (a).
1613 1123 1627 1130 ,.

400 1150 515 1180 Plantae
538 1159 607 1181 vero
634 1153 770 1189 partibus
793 1154 936 1183 viridibus
962 1155 1121 1184 instructae
1151 1162 1201 1191 per
1226 1155 1345 1191 aliquod
1380 1161 1494 1191 tempus
1519 1155 1613 1183 adhuc
1644 1160 1774 1192 vegetare
1796 1162 1866 1192 pos-

361 1207 431 1230 sunt
453 1202 484 1231 in
508 1203 572 1231 aere
599 1210 664 1232 ante
689 1205 912 1241 experimentum
940 1206 1020 1235 omni
1046 1214 1103 1236 suo
1131 1207 1298 1236 Carbonlco
1321 1206 1443 1241 orbato,
1471 1205 1497 1234 si
1526 1211 1635 1234 tantum
1660 1206 1719 1235 luci
1742 1206 1803 1235 sint
1818 1214 1868 1235 ex-

360 1252 491 1287 positae,
513 1253 581 1288 quia
612 1260 682 1283 tunc
703 1262 797 1291 partes
818 1256 926 1285 viridae
948 1258 1132 1294 Oxygenium
1157 1258 1225 1295 (uti
1243 1259 1305 1295 jam
1323 1263 1404 1286 antea
1427 1256 1580 1292 diximus)
1602 1264 1636 1285 ex
1655 1256 1771 1293 propria
1797 1257 1869 1285 sub.-

361 1302 467 1331 stautia
493 1303 621 1332 exhalare
644 1305 778 1340 valeant,
801 1307 888 1342 'quod
913 1315 1014 1335 rursus
1039 1308 1209 1337 absorbetur
1235 1315 1263 1336 et
1291 1307 1458 1336 Carbonico
1482 1308 1595 1343 plantae
1618 1307 1868 1343 iungitur„unde

360 1351 422 1381 Gas
443 1353 568 1382 Acidum
597 1354 794 1384 Carbonicum
828 1357 944 1393 propria
973 1359 1154 1394 vegetatione
1178 1358 1332 1388 formatur.
1380 1358 1474 1386 Aliter
1502 1365 1575 1386 vero
1600 1364 1645 1390 res
1671 1365 1734 1391 sese
1759 1356 1867 1393 habet,

364 1403 390 1432 si
417 1403 472 1432 sub
502 1404 643 1440 recipiens
669 1406 872 1436 introducatur
906 1409 1089 1444 substantia,
1119 1417 1192 1444 quae
1218 1418 1303 1438 omne
1326 1408 1451 1438 Acidum
1481 1406 1700 1443 Carbonicum,
1731 1408 1811 1443 quod
1837 1409 1866 1442 ia

363 1455 556 1490 experimento
584 1462 756 1492 generatur,
783 1457 878 1486 statim
907 1458 1060 1487 absorbere
1094 1460 1192 1494 valet,
1225 1460 1268 1488 uti
1294 1465 1338 1488 est
1365 1467 1397 1488 v.
1426 1466 1452 1488 c.
1481 1459 1543 1487 calx
1573 1458 1634 1487 sive
1658 1466 1732 1494 aqua
1762 1459 1865 1488 calcis.

362 1504 448 1535 Tunc
471 1506 545 1534 enim
572 1507 710 1536 volumen
736 1508 810 1537 aeris
833 1508 863 1537 in
889 1508 1043 1545 recipiente
1063 1509 1170 1538 inclusi
1192 1511 1297 1540 sensim
1315 1508 1517 1544 imminuitur,
1545 1515 1573 1538 et
1595 1510 1622 1538 si
1645 1509 1757 1545 plantae
1779 1509 1868 1538 inter·

363 1556 412 1584 diu
434 1556 491 1585 soli
513 1563 717 1592 exponuntur,
738 1564 808 1594 post
833 1558 913 1588 brevi
935 1560 1071 1595 temporis
1094 1560 1221 1596 spatium
1247 1560 1316 1589 folia
1339 1560 1533 1595 flaccescunt,
1553 1566 1582 1588 et
1600 1565 1661 1588 tota
1684 1560 1782 1596 planta
1805 1559 1868 1588 col-

363 1606 491 1642 labitur,
513 1609 580 1637 dum
605 1609 731 1637 examine
748 1609 954 1645 eudiometrico
970 1617 1070 1647 patet,
1096 1613 1188 1640 aerem
1211 1609 1486 1646 certam,0xygenii
1508 1608 1696 1645 quantitatem
1723 1609 1867 1645 amisisse,

365 1655 438 1685 Calx
464 1657 510 1685 hic
541 1666 673 1694 praesens
700 1658 788 1696 igitur
821 1668 905 1696 quam
930 1662 1050 1690 maxime
1074 1661 1186 1692 nocuit.
1223 1661 1322 1699 Hujus
1355 1661 1433 1689 actio
1464 1667 1557 1691 autem
1585 1660 1759 1695 nullaesa
1788 1659 1869 1696 nisi,

364 1708 445 1742 quod
469 1707 592 1736 Acidum
619 1709 821 1740 Carbonicum
846 1711 1016 1747 absorbent,
1041 1713 1121 1749 quod
1143 1712 1289 1748 imprimis
1317 1718 1447 1748 tempore
1476 1719 1622 1740 nocturno
1648 1710 1762 1739 actione
1787 1710 1870 1747 Oxy·

365 1758 441 1794 genii
468 1759 618 1787 ambientis
653 1759 804 1796 formatur.
854 1762 885 1791 Si
914 1763 1028 1798 plantae
1054 1764 1143 1801 igitur
1166 1762 1268 1792 lumini
1301 1762 1388 1791 soiari
1413 1768 1481 1791 sunt
1516 1762 1682 1798 expositae,
1711 1761 1868 1796 requiritur

365 1809 525 1845 praesentia
547 1809 608 1839 Gas
640 1811 726 1840 Acidi
757 1811 936 1851 Carbonici,
975 1821 1007 1844 ut
1033 1823 1202 1853 organorum
1232 1814 1316 1852 vigor
1339 1813 1537 1849 sustineatur,
1566 1819 1653 1849 quare
1680 1817 1749 1842 tunc
1780 1811 1869 1841 subs-

1796 1868 1870 1892 trao-

390 1935 444 1963 (ae)
465 1935 534 1957 conr.
553 1935 595 1958 ln.
610 1934 654 1958 eit.
673 1942 722 1964 pag.
739 1942 775 1966 32.
