1946 2517
339 185 660 224 coMMeNTA'fio
674 200 721 223 m>
740 180 1046 232 QuaesitoNeM
1068 178 1306 227 crimem.
1560 204 1581 235 ⁷

72 279 212 322 genium)
241 276 343 309 semini
370 284 398 307 et
425 275 565 307 eliciendo
595 274 810 306 Carbonicum:
845 285 968 313 sequens
1004 276 1229 314 experimentum
1261 278 1333 307 illud
1373 278 1494 315 probat:
1526 279 1579 308 im·

70 335 220 364 mittantur
244 332 355 360 semina
380 330 435 359 sub
467 335 657 367 temperatura
688 337 724 365 ¹5
749 330 783 358 ad
807 327 860 358 200
885 330 965 366 vasi,
995 338 1108 365 parvam
1139 338 1229 366 aquae
1260 330 1451 367 quantitatem
1484 330 1579 359 conti·

69 385 169 420 nenti,
197 390 226 412 et
251 389 333 412 antea
356 383 537 418 inquiratur,
573 388 709 417 quaenam
739 380 779 408 sit
809 380 880 409 aeris
914 381 1042 410 contenti
1066 373 1211 417 quantitas
1243 389 1270 410 et
1304 382 1478 418 proportio,
1511 389 1580 411 mox

68 437 176 467 semina
203 435 423 472 germinabunt,
453 440 481 462 et
505 433 624 462 durante
648 433 873 471 germinatione,
896 434 1017 463 maxima
1045 434 1142 463 locum
1172 434 1286 463 habebit
1315 434 1438 463 mutatio
1464 434 1494 462 in
1515 436 1580 462 aere

67 489 142 518 inud
166 486 325 517 ambiente:
354 483 415 516 Gas
437 485 634 515 Carbonicum
662 480 809 515 'formetur
838 491 866 514 et
900 485 1083 522 Oxygenium
1107 486 1285 523 disparebit3
1329 486 1391 515 Gas
1426 485 1584 515 Carbonici

69 540 186 569 formati
207 539 353 574 quantitas
375 537 505 575 perfecte
527 536 657 574 aequalis
682 538 737 567 erit
751 537 911 574 *quantitati
935 536 1081 574 Oxygenii
1104 537 1252 573 absorpti:
1286 536 1387 566 exinde
1409 544 1487 566 nunc
1505 529 1584 572 patet

70 598 154 620 omne
190 589 372 626 Oxygeniu'm
402 590 432 618 in
466 589 523 619 hoc
553 589 746 625 experimento
773 589 986 624 necessatium,
1016 589 1188 618 destinatum
1225 587 1319 618 fuisse
1350 589 1385 617 ad
1411 588 1584 618 eliciendum

69 642 263 672 Carbonicum
290 650 323 670 ex
350 641 468 671 semine.
519 639 703 678 Oxygenium
731 641 806 671 enim
842 641 941 677 illud,
980 641 1040 678 agit
1065 641 1095 671 in
1123 642 1289 678 Albumen,
1321 642 1406 679 cujus
1442 641 1584 670 Naturam

67 694 179 729 mutat,
214 692 256 721 ita
280 698 311 721 at
339 692 554 722 Saccbarae‘num
579 692 628 722 fiat
651 700 681 722 et
709 686 809 730 aptum
835 694 871 723 ad
895 692 1061 724 alimentum
1086 693 1233 731 plantulae
1254 693 1462 731 praebendum.
1503 691 1582 723 Huic

69 752 154 779 quam
178 743 299 773 maxime
326 742 458 773 conferre
483 745 619 774 videntur
643 745 856 782 Cotyledones.
1586 737 1589 739 μ

105 795 199 826 snm,
231 796 282 826 qui
305 800 416 826 ponant
444 796 490 828 (a
504 797 520 827 )
550 796 709 827 plantulam
743 799 962 830 germinaturam
1000 806 1045 825 sat
1070 800 1253 837 'nutrimenti
1285 801 1316 827 in
1347 795 1583 835 Coty‘l'edonibus

67 844 133 874 suis
156 843 324 878 continere,
354 849 448 878 neque
473 843 527 871 alia
552 843 668 873 materia
693 843 838 875 nutriente
861 845 938 875 illam
966 846 1029 876 uti:
1064 847 1245 886 Oxygcnium
1270 850 1356 878 modo
1385 850 1488 878 intrare
1511 855 1583 876 tam-

71 903 156 932 quam
178 895 262 924 valde
283 894 419 930 irritans,
453 901 485 923 ut
510 894 665 925 facilitaret
685 896 921 934 conjunctionem
946 894 1072 928 materiei
1099 900 1254 935 nutrientis
1279 901 1393 929 oleosae
1418 901 1584 936 seminum,

69 955 138 978 cum
171 947 292 976 humore
325 954 441 982 aquoso
485 945 643 975 adventitio
681 953 715 976 ut
743 948 784 977 ita
817 949 932 979 facilius
965 957 1075 979 succus
1108 951 1268 981 nutritivus
1305 961 1320 980 a
1354 952 1467 988 plantae
1504 952 1582 980 vasis

67 998 164 1036 excipi
200 1003 299 1035 queat.
351 997 549 1026 Carbonicum
589 997 731 1028 eliciendo
770 1006 865 1029 autem
911 1001 1062 1030 maximam
1095 1003 1211 1039 praebet
1254 1003 1406 1032 utilitatem
1444 1004 1587 1040 germina-

69 1049 167 1086 tioni,
194 1049 264 1078 dum
287 1049 361 1078 illud
389 1049 471 1079 valde
499 1049 661 1079 evolutioni
679 1049 824 1080 seminum
851 1060 903 1088 per
924 1049 955 1081 se
976 1059 1062 1082 nocet
1089 1054 1181 1092 (h),
1210 1054 1253 1083 uti
1275 1063 1342 1085 mox
1362 1055 1511 1092 apparebit
1549 1057 1578 1084 in

68 1101 150 1130 sect.
169 1099 210 1130 11.

107 1153 211 1188 Aquae
240 1159 371 1189 magnam
401 1159 465 1181 esse
494 1151 553 1180 vim
578 1157 665 1188 atque
692 1151 842 1182 efficaciam
867 1151 988 1183 durante
1020 1154 1074 1183 hac
1099 1155 1223 1185 Periodo
1255 1162 1340 1186 nemo
1370 1164 1472 1194 negare
1499 1164 1581 1194 pote·

69 1203 128 1241 rit3
161 1209 313 1233 servantur
334 1203 410 1233 enim
441 1203 549 1232 semina
574 1203 652 1233 sicca
681 1211 732 1240 per
765 1204 906 1241 longioris
938 1205 1077 1242 temporis
1109 1204 1258 1244 spatium,
1286 1209 1349 1238 sine
1373 1209 1437 1238 ullo
1458 1209 1582 1239 vitalita-

14 1251 20 1255 ’
69 1255 109 1284 tis
137 1255 207 1291 (sit
229 1254 313 1284 venIa
335 1253 452 1292 verbo)
481 1254 587 1292 signo,
626 1255 739 1292 donec,
775 1263 849 1292 aqua
875 1255 988 1293 affusa,
1015 1263 1160 1294 tamquam
1183 1260 1270 1289 vitam
1296 1264 1461 1297 recuperare
1484 1260 1584 1290 viden·

72 1311 142 1342 tur,
169 1312 198 1335 et
219 1306 291 1335 laete
311 1312 494 1336 excrescunt.
534 1305 620 1336 Varia
642 1307 777 1337 instituta
803 1314 872 1337 sunt
902 1308 1094 1345 experimenta
1115 1310 1152 1339 ad
1176 1311 1354 1347 probandam
1385 1311 1474 1349 hujus
1506 1312 1587 1342 utili-

72 1362 181 1394 tatem3
211 1356 411 1386 Doctissimus
435 1358 606 1388 Braconnot
631 1366 754 1394 sequens
787 1358 916 1388 instituit
943 1360 1030 1398 (c):
1063 1361 1198 1398 sinapeos
1227 1363 1336 1392 semina
1358 1363 1448 1392 seruit
1470 1363 1500 1392 in
1525 1371 1584 1392 are·

71 1415 138 1438 nam
169 1408 262 1438 albam
288 1409 326 1437 ab
353 1409 431 1437 omni
457 1410 582 1439 calcarea
609 1409 760 1446 diligenter
796 1416 967 1448 purgatam,
998 1421 1072 1448 aqua
1101 1413 1246 1443 stinaticia
1272 1414 1462 1442 humectatam
1485 1419 1512 1442 et
1537 1413 1583 1442 in-

70 1460 183 1488 clusam
209 1459 240 1488 in
264 1460 363 1496 lagena
383 1459 493 1497 vitrea,
519 1460 548 1489 in
573 1469 630 1496 qua
653 1467 810 1490 contentus
835 1462 892 1492 Aer
920 1463 1180 1500 Atmosphaericus
1209 1464 1306 1494 Acido
1327 1472 1385 1495 suo
1414 1464 1582 1495 Cal-bonico

71 1510 204 1548 privatus
224 1509 322 1538 fuerit.

112 1561 161 1590 Sic
191 1567 357 1597 praeparata
381 1561 479 1598 lagena
506 1567 534 1590 et
558 1561 588 1591 in
614 1567 714 1592 terram
749 1565 865 1595 modico
899 1567 994 1596 calore
1022 1567 1173 1605 immissa,
1202 1568 1312 1598 semina
1341 1577 1408 1598 mox
1442 1569 1582 1607 germina-

71 1611 163 1648 bant3
193 1611 368 1647 plantasque
401 1613 524 1641 virentes
557 1613 728 1649 ediderunt,
760 1614 867 1649 quibus
891 1624 992 1652 postea
1025 1619 1209 1655 combustis,
1239 1620 1311 1648 satis
1334 1620 1455 1648 multum
1480 1621 1581 1650 carbo·

76 1663 126 1692 nis
153 1669 168 1690 e
187 1664 203 1701 ζ
225 1662 356 1698 partibus
381 1663 486 1691 salium
515 1663 621 1693 Kalin:
651 1670 678 1693 et
698 1666 715 1704 ξ
736 1665 863 1695 Carboni
892 1668 1023 1697 materiae
1058 1671 1240 1706 compositi,
1275 1671 1418 1700 residuum
1454 1673 1581 1709 mansit,

74 1721 160 1749 quam
186 1713 301 1748 quidem
327 1713 440 1750 copiam
473 1715 627 1750 plusquam
660 1716 784 1751 decuplo
813 1718 945 1754 majorem
975 1720 1105 1756 invenit,
1138 1730 1223 1756 quam
1248 1722 1352 1757 illam,
1382 1730 1455 1757 quae
1479 1731 1512 1752 ex
1535 1733 1580 1752 se-

74 1763 183 1793 minum
221 1764 356 1801 sinapeos
391 1765 511 1794 totidem
545 1766 750 1796 combustione
785 1777 940 1807 supererat.
981 1772 1095 1802 Exinde
1123 1773 1318 1804 Carbonicum
1347 1774 1420 1803 illud
1451 1775 1581 1805 adventi-

1551 1826 1589 1855 ti-

99 1880 158 1908 (ι)
179 1880 288 1907 Ηιδςνίς,
308 1880 406 1903 Ζωέιυ
427 1888 456 1904 zu
481 1883 610 1906 Mambouta
632 1885 796 1915 Aphro-aen,
812 1893 902 1916 p.17r.

99 1921 153 1949 (h)
169 1922 293 1948 Sannum,
308 1922 323 1945 Ι,
339 1929 358 1945 c.
374 1931 396 1951 ρ.
413 1923 448 1946 26.

99 1962 154 1991 (ε)
173 1963 310 1983 Rechercher
332 1970 370 1983 sur
389 1965 412 1985 la
429 1964 495 1992 sareu
519 1967 680 1989 auimt'larrt'ce
702 1969 758 1989 dam·
777 1969 809 1990 les
828 1974 938 1996 vegeta-x
958 1975 1003 1998 par
1023 1971 1071 1994 Mr.
1089 1972 1120 1995 Η.
1141 1972 1276 1996 Broc-annor.
1309 1972 1408 1995 Annales
1429 1972 1454 1994 de
1480 1973 1587 2002 citinas,

70 2001 168 2068 ζεπιῖ
187 2009 211 2027 et
228 2005 291 2028 Mus
311 2005 379 2028 180⁸·
405 2006 558 2033 &pariorum
580 2015 619 2028 sur
637 2009 661 2030 Ι·
682 2010 856 2043 Geminum,
872 2015 939 2041 1801.
965 2015 1064 2044 culum,
1078 2015 1154 2038 mm
1165 2016 1266 2042 Journal
1281 2015 1323 2038 dn
1341 2016 1448 2045 elumen,
1467 2018 1532 2040 Tem.
1546 2016 1586 2043 lx.

88 2049 133 2067 ue.
