1946 2517
350 189 670 223 COMMENTATro
686 182 733 222 'an
755 179 1061 229 QUAEsrroNEM
1083 179 1323 221 crtaMrcAM.
1574 201 1594 230 5

82 265 245 314 structum,
271 285 326 314 qua
351 278 445 306 valeat
470 276 599 305 materies
625 273 779 303 nutritivas
800 275 970 311 absorbere,
1000 284 1162 311 assumere,
1197 275 1331 310 retinere,
1362 278 1490 308 mutare,
1521 281 1588 302 suae

80 338 198 361 naturae
225 329 383 358 assimilare
405 334 432 356 et
465 327 636 356 excernenda
663 327 813 361 expellere.
857 328 901 355 Ex
930 328 1009 355 hisce
1041 334 1118 363 patet
1151 327 1311 363 plantarum
1343 326 1428 354 vitam
1466 326 1586 360 pg-njere

79 391 94 411 a
123 381 257 419 primaria
283 387 376 409 earum
410 379 580 413 functione,
614 377 801 413 absorptione
830 386 931 414 nempe
960 379 1186 419 substantiarum
1218 377 1401 407 nutritiarum
1429 383 1456 405 et
1487 377 1586 405 harum

79 428 300 462 assimilatione.
343 430 525 459 Nutritionis
548 435 639 458 autem
672 429 874 465 vegetabilium
899 438 1054 465 processus
1072 431 1203 459 internus
1228 423 1364 458 consistit
1392 428 1422 457 in
1454 434 1590 463 quarum·

79 491 196 520 cunque
219 482 398 511 materiarum
427 481 615 510 nutrientium
648 480 755 516 plantis
781 480 966 516 oblatarum,
987 483 1118 518 organica
1145 481 1404 516 transmutatione,
1434 487 1521 517 atque
1542 476 1590 508 as-¹

82 534 276 570 similatione,
306 542 340 563 ex
362 533 471 569 singuli
493 533 638 569 cujusque
661 532 817 568 organismi
840 532 1029 570 vegetabilis,
1056 533 1217 570 singulari,
1245 532 1464 562 assimilationis
1490 538 1518 560 et
1543 532 1592 559 or&

81 587 197 624 ganicae
223 584 406 614 formationis
432 589 505 620 typo
531 583 674 620 ingenito.
715 583 829 613 Haecce
851 583 965 613 functio
991 592 1060 613 vero
1082 584 1164 613 valde
1181 583 1276 613 differt
1298 592 1352 620 pro
1377 583 1489 612 diversa
1508 583 1592 619 plan-

83 646 174 667 tarum
195 643 303 672 aetate,
326 635 369 664 uti
397 635 508 672 egregie
527 635 692 664 observavit
717 634 766 664 Cl.
786 634 891 664 Mor-el
909 635 945 664 de
963 634 1058 665 Vs'nde
1079 635 1157 674 (a).
1197 635 1248 672 Is,
1271 635 1301 668 in
1327 635 1457 672 singulae
1474 635 1589 671 plantae

81 688 274 726 vegetationis
306 684 342 715 et'
357 686 528 716 nutritionis
552 695 712 723 processu,
742 687 802 716 duo
827 694 951 724 semper·
968 693 1097 724 tempora
1127 687 1217 724 (sive
1245 686 1388 723 duplicem
1413 685 1592 722 periodum)

83 739 286 777 distinguenda
311 746 391 773 esse,
413 737 473 773 ait,
495 746 581 767 unum
611 738 722 767 scilicet
747 747 763 768 a
790 738 995 775 germinatione
1017 739 1052 768 ad
1072 738 1306 774 florescentiam,
1327 738 1447 767 alterum
1464 734 1498 766 ab
1514 737 1588 773 hac,

82 799 178 828 usque
206 790 242 819 ad
263 789 404 818 seminum
430 788 643 825 maturitatem3
675 797 780 826 easque
803 791 937 826 periodos
966 799 1001 819 eo
1026 791 1176 827 discerni,
1206 790 1286 827 quod
1313 786 1482 826 inpriore,
1510 789 1593 825 plan-

82 849 127 871 tae
157 838 252 871 omne'
268 840 327 869 fere
346 840 554 869 nutrimentum
583 839 698 876 capiant
726 849 761 870 ex
789 841 942 878 Oxygenio
966 833 993 870 et
1013 843 1119 878 Aqua,
1150 843 1218 871 dum
1245 841 1369 871 Acidum
1396 840 1593 870 Carbonicum

83 895 114 923 in
136 892 297 930 posteriore
325 893 459 929 majorem
488 892 590 921 habeat
610 892 773 929 influxum,
806 900 834 922 et
858 892 960 922 exinde
991 894 1109 923 humum
1141 893 1320 930 fimumque,
1352 898 1463 921 tantum
1487 891 1594 928 plantis

85 944 211 974 evolutis
235 944 391 980 prodesse3
422 944 496 972 unde
519 943 569 972 fiat
595 943 680 972 etiarn
708 945 786 980 quod
806 952 871 982 ager
893 953 909 973 a
935 945 1043 981 plantis
1074 953 1133 974 non
1154 944 1212 974 nisi
1236 944 1266 974 in
1291 945 1418 974 secunda
1443 945 1495 973 hac
1521 943 1596 973 vitae

83 995 224 1034 periodo,
246 996 308 1025 sive
332 1001 393 1023 tum
422 995 558 1030 demum,
580 1003 670 1031 quum
696 996 835 1025 seminum
862 996 1000 1026 formatio
1025 997 1056 1026 in
1081 997 1117 1026 iis
1143 996 1285 1033 incipiat,
1306 995 1455 1025 fertilitate
1480 1004 1531 1024 sua
1548 1003 1598 1025 ex·

84 1047 243 1077 hauriatur.
280 1046 364 1076 Sicut
387 1046 460 1075 enim
485 1046 538 1075 alia
556 1053 621 1081 est,
650 1048 795 1082 plantulae
819 1056 834 1075 e
851 1049 976 1082 germine
1001 1048 1175 1085 pullulantis
1202 1040 1474 1083 adolescentisque,
1505 1045 1595 1076 facies

85 1105 200 1128 externa
229 1104 426 1133 vasorumque
452 1103 479 1125 et
515 1098 641 1134 reliquae
668 1097 794 1127 fabricae
824 1099 976 1135 conditio,
1016 1100 1070 1128 alia
1103 1099 1237 1135 adultae,
1265 1099 1307 1128 ita
1341 1098 1424 1127 aliam
1457 1105 1597 1134 quoque,

83 1149 197 1180 scilicet
219 1149 315 1185 specie
343 1157 375 1177 ac
403 1149 609 1185 particularum
634 1155 832 1186 susceptarum
861 1151 1138 1187 assimilatarumque
1163 1149 1353 1188 proportione
1378 1157 1410 1179 ae
1435 1149 1595 1186 mixtione,

86 1200 263 1230 differentem
288 1206 317 1228 et
345 1200 510 1229 mutabilem
549 1210 612 1231 esse
642 1201 834 1231 nutritionem
863 1203 894 1232 in
915 1203 1026 1234 diversa
1050 1209 1158 1240 aetate,
1189 1210 1244 1232 tam
1268 1204 1298 1232 in
1325 1200 1488 1237 radicibus,
1510 1208 1596 1237 quam

83 1251 116 1282 in
136 1251 242 1289 foliis,
269 1252 373 1282 merito
399 1253 593 1291 colligendum
617 1252 687 1291 erit3
718 1254 873 1291 ipsumque
898 1255 1019 1292 proinde
1050 1263 1219 1292 processum
1246 1252 1601 1291 pneumatice-exhalati-v

85 1311 173 1339 vum,
194 1304 346 1340 aliquanto
366 1305 450 1334 aliter
471 1314 502 1335 se
521 1306 624 1336 habere
644 1307 672 1335 in
693 1305 799 1335 adultis
820 1306 950 1344 plantis,
981 1315 1065 1344 quam
1086 1307 1116 1336 in
1133 1305 1312 1345 junioribus.

125 1354 168 1384 Ut
195 1363 265 1392 ergo
287 1356 322 1384 ad
346 1357 541 1392 quaestionem
566 1358 769 1394 propositam,
790 1364 930 1394 quantum
959 1358 988 1394 in
1014 1367 1058 1387 me
1076 1365 1140 1394 est,
1163 1358 1369 1395 respondeam,
1387 1358 1421 1386 de
1438 1357 1598 1394 plantarum

86 1405 143 1445 jam
170 1407 350 1436 evolutarum
383 1410 441 1437 vira
467 1408 514 1437 hic
548 1409 687 1446 agendum
707 1416 779 1445 est,
806 1415 834 1438 et
864 1400 1077 1447 indagandum,
1107 1410 1177 1448 (uti
1202 1418 1236 1438 ex
1261 1416 1326 1438 ante
1355 1409 1442 1438 dictis
1467 1407 1597 1444 patet,)

87 1457 159 1493 quid
190 1458 298 1494 plantis
328 1459 463 1488 absolute
489 1460 680 1489 necessarlum
713 1460 773 1496 sit,
803 1466 835 1489 ut
868 1462 955 1490 vitam
987 1468 1144 1498 peragant,
1178 1461 1261 1496 sive,
1300 1468 1437 1496 quasnam
1469 1458 1600 1488 materias

86 1508 245 1538 nutrititias
272 1517 383 1546 semper
415 1510 496 1539 avide
521 1512 681 1547 arripiant,
702 1517 730 1539 et
754 1512 815 1540 sine
841 1512 950 1547 quibus
975 1513 1071 1542 v1vere
1095 1521 1153 1541 non
1171 1512 1298 1548 possint.
1340 1512 1401 1540 Eas
1423 1517 1496 1540 certe
1514 1517 1603 1546 quae.

86 1567 148 1588 rere
174 1560 310 1589 debemus
343 1561 418 1590 inter
450 1570 574 1599 corpora
603 1563 718 1598 plantas
750 1571 861 1599 semper
888 1564 1059 1601 ambienfia,
1089 1572 1213 1606 quorum
1248 1564 1388 1592 influxum
1425 1560 1600 1598 experientia

88 1618 146 1639 nos
165 1611 277 1640 docuit.
322 1611 364 1640 Ut
393 1619 472 1641 certo
496 1612 596 1642 ordine
621 1622 689 1650 ergo
719 1614 793 1643 illud
819 1604 943 1651 faciam,
972 1616 1200 1651 qualemcunque
1229 1615 1301 1644 hanc
1328 1612 1602 1643 commentationem

86 1659 117 1689 in
144 1662 235 1689 varias
258 1662 402 1692 sectiones
429 1663 580 1700 dividam,
600 1665 630 1692 in
653 1664 761 1700 quibus
783 1666 951 1703 singulatim
978 1667 1012 1695 de
1036 1667 1084 1695 tali
1108 1666 1222 1695 materia
1247 1674 1349 1702 agam,
1371 1673 1444 1702 quae
1466 1652 1601 1692 absolute

87 1711 125 1741 ad
145 1713 353 1749 vegetationem
380 1715 556 1750 requiritur,
578 1724 605 1744 et
628 1717 690 1745 sine
712 1725 766 1752 qua
787 1725 845 1747 non
865 1718 1020 1754 procedere
1039 1724 1155 1754 potest⁷
1177 1723 1205 1746 et
1226 1716 1339 1753 quidem
1360 1717 1390 1744 in

127 1765 165 1793 1⁸.
186 1764 221 1792 de
241 1765 368 1800 partium
388 1767 629 1802 Armosphaeram
650 1769 892 1806 componentium
912 1769 1034 1799 efficacIa
1055 1776 1082 1799 et
1103 1769 1130 1799 vi
1154 1768 1185 1798 in
1210 1767 1434 1807 vegetationem:
1458 1765 1489 1796 in

127 1812 179 1843 11·.
202 1815 236 1843 de
255 1816 357 1851 Aqua:
381 1817 411 1845 in

129 1864 193 1893 111³.
215 1865 249 1893 de
270 1865 370 1902 Luce,
391 1874 419 1897 et

128 1914 193 1945 lVa.
214 1915 380 1947 Conclusio
400 1928 433 1949 ex
453 1926 517 1949 ante
535 1922 621 1953 dictis
642 1923 709 1954 erit.

1542 1970 1609 2015 Aa·

117 2047 171 2078 (ο)
185 2049 324 2081 Schmlger,
334 2052 435 2078 ,Ιηινηοῖ
448 2055 471 2078 b.
487 2061 508 2083 ³·
522 2062 547 2084 p.
560 2062 582 2084 3.
599 2063 637 2082 ao.
651 2060 715 2082 181¹.

882 2102 910 2130 Α
930 2105 950 2138 3
