1946 2517
443 121 757 154 COMMENTATIO
778 134 812 155 ιΝ
833 125 1132 164 QUAESTIONEM
1154 133 1362 169 MEDICAM.
1628 150 1660 180 19

153 205 349 235 robustiorem
368 212 544 236 structuram
563 207 743 244 tribuerunt,
771 209 906 244 quoniam
927 211 955 239 vi
973 211 1128 249 impulsiva
1160 217 1333 249 destitutum
1359 227 1418 258 est,
1441 224 1492 252 sed
1510 227 1614 262 majore
1633 233 1660 255 et

153 259 284 287 densiore
305 265 415 287 tantum
430 259 592 287 ,cellulosae
611 260 695 300 copia
716 259 910 289 circumdatur
930 262 1010 300 (a).

189 310 222 339 In
241 317 319 346 parte
336 310 466 346 hepatica
493 311 588 339 nullae
609 310 835 346 conspiciuntur
861 320 1080 354 anastomoses;
1111 319 1141 348 in
1162 326 1241 357 parte
1264 331 1331 352 vero
1363 327 1534 355 abdominali
1558 330 1660 358 ramuli

140 361 224 390 ⁴inter
250 370 282 390 se
307 370 390 398 quam
417 362 536 395 maxime
559 367 796 402 anast,omosant;
819 370 1017 395 anastomoses
1041 374 1216 406 necessariae
1233 382 1309 403 esunt
1335 376 1363 404 in
1389 378 1439 406 bac
1465 381 1597 414 portione
1621 381 1659 408 ob

150 413 243 441 varias
270 413 418 448 sanguinis
446 413 671 448 retardationes,
695 413 801 448 quibus
830 414 859 442 in
877 417 968 444 eadem
987 426 1030 447 est
1059 422 1216 455 obnoxius.
1259 427 1439 457 Considera(
1457 431 1581 466 Biclmt,
1605 432 1659 460 hoc

150 473 276 503 systema
305 466 363 495 fere
388 472 481 495 toturn
511 473 650 502 quantum
680 475 695 495 a
724 467 834 502 reliquo
855 476 965 498 venoso
993 469 1205 515 independens,
1228 479 1364 512 quoniam
1389 479 1415 507 si
1435 489 1526 516 quae⁷
1553 491 1661 517 paucae

148 524 243 552 certe,
267 518 340 546 inter
362 524 517 552 utrumque
532 518 637 546 adsunt
654 509 851 547 anastomoses
870 540 880 554 ,
909 527 936 548 et
961 530 976 549 a
1002 513 1114 559 reliquo
1141 528 1194 555 atri
1218 531 1366 566 sanguinis
1396 541 1549 568 systemate
1567 537 1596 563 in
1623 543 1658 565 eo

145 567 311 602 diversum,
347 568 426 602 quod
447 567 583 596 minorem
609 575 732 604 occupat
754 570 849 598 locum
871 571 959 605 vique
980 573 1135 609 impulsiva
1155 586 1230 607 caret
1250 581 1328 618 (b).

187 620 218 655 §.
241 619 289 647 28.
332 618 454 655 Sanguis
474 619 759 654 inthocsystemate
773 619 844 648 satis
862 619 1027 657 regulariter
1044 619 1198 663 mouetur,
1218 619 1376 667 vmotusque
1395 636 1572 672 retrogradus
1598 645 1658 666 non

147 669 332 705 observatur,
351 677 445 704 neque
463 671 578 706 mirum,
597 670 732 706 quoniam
749 671 791 699 uti
809 672 932 702 diximus
945 675 973 703 vi
993 675 1147 712 impulsiva
1161 686 1274 716 careat,
1296 683 1423 719 adeoque
1441 696 1499 715 non
1511 688 1655 723 singulare

147 720 219 757 quid
236 726 280 748 est
295 720 323 749 in
340 729 373 748 eo
391 721 559 757 plerumque
582 723 862 758 endemxsanguinis
877 727 1140 768 copiam-reperiri,
1163 733 1317 767 aequaliter
1336 737 1468 770 partitam
1492 739 1532 775 (c
1548 740 1576 776 ).

181 773 211 808 s.
234 781 283 809 29.
326 772 403 801 Raro
422 773 533 809 hepatis
557 775 690 804 volumen
708 784 722 803 a
741 778 881 813 sanguine
901 787 951 814 per
968 787 1065 808 venam
1083 788 1228 816 portarurn
1250 785 1354 821 allato,
1377 789 1528 824 oppletum
1548 797 1574 818 et
1595 791 1652 820 dis-

143 829 255 852 tentum
289 823 458 852 observatur
483 824 522 852 ob
557 825 734 857 resistentem
764 834 791 855 et
819 837 919 864 parum
949 833 1112 871 extensilem
1135 835 1236 871 liuius·
1253 838 1352 873 organi
1378 846 1571 875 structuram:
1597 841 1656 870 sieri

142 882 236 905 tamen
264 881 362 912 potest
387 875 466 911 quod
488 878 608 919 sang-uis
629 878 665 906 ad
690 879 747 907 hoc
775 880 874 909 viscus
902 883 1002 919 maJ'ori
1021 884 1107 919 copia
1123 885 1285 923 adferatur,
1307 895 1335 917 et
1356 891 1436 925 quod
1455 891 1521 920 inde
1539 892 1655 927 pondus

142 934 290 963 augeatur.
331 928 539 956 lucrementum
559 937 628 971 vero
644 929 701 958 hoc
724 939 784 960 non
805 933 942 972 penderat
960 935 1061 973 majori
1077 937 1238 974 sanguinis
1264 939 1439 975 impulsione
1463 942 1491 970 in
1517 943 1656 972 ramifica-

125 966 238 1006 ‘tiones
251 985 337 1006 venae
358 985 504 1012 portarum
516 998 526 1013 ,
547 979 597 1008 sed
617 988 633 1008 a
652 980 734 1010 fluxu
750 984 915 1025 retrogrado
933 986 1132 1026 sanguinis5in
1144 997 1249 1026 ¹*venam
1268 998 1365 1019 cavam
1392 998 1418 1027 et
1443 993 1474 1021 in
1502 1002 1588 1022 venas
1607 994 1658 1023 he-

140 1027 249 1064 paticas
261 1047 272 1062 ‚
295 1036 366 1063 quae
379 1029 428 1056 ‚uti
447 1029 610 1059 videbimus
628 1031 656 1059 in
672 1033 836 1063 nominatae
851 1042 938 1065 venae
955 1043 1089 1066 truncum
1108 1047 1194 1079 suum
1215 1042 1382 1078 sanguinem
1402 1044 1548 1078 deferunt.
1591 1045 1657 1073 Cir.

139 1079 248 1108 culatio
266 1078 295 1108 in
312 1079 446 1115 portione
461 1088 547 1110 venae
567 1088 714 1117 portarurn
733 1084 908 1115 abdominali
934 1095 1000 1116 cum
1021 1088 1101 1120 venis
1126 1093 1283 1128 convenit3
1306 1094 1404 1129 portio
1427 1102 1496 1124 vero
1525 1095 1658 1132 hepatica.

138 1130 247 1158 nullam
271 1129 354 1158 habet
372 1131 529 1168 analogiam
548 1141 614 1161 cum
636 1141 667 1162 ea
692 1136 879 1177 arteriarum,
911 1138 940 1167 in
966 1139 1011 1167 his
1035 1146 1129 1181 autem
1150 1142 1311 1171 contractio
1340 1139 1437 1179 cordis
1451 1145 1537 1182 agit,
1559 1146 1588 1174 in
1606 1148 1654 1176 illa

137 1189 207 1210 vero
224 1181 279 1209 tale
295 1171 365 1216 quid
389 1190 447 1210 non
468 1183 662 1220 observatur,
692 1191 719 1214 et
740 1187 834 1216 omnis
862 1188 1018 1231 circulatio
1045 1191 1075 1220 in
1099 1192 1152 1221 hac
1171 1193 1306 1230 portione
1325 1195 1476 1233 derivanda
1499 1198 1614 1226 videtur
1637 1206 1655 1227 a

141 1232 284 1261 continuo
301 1233 458 1263 alternante
474 1234 697 1272 diaphragmatis
714 1243 799 1268 motu,
810 1258 820 1274 ,
841 1247 856 1267 a
874 1242 1074 1281 contractione
1093 1245 1563 1285 musculorum.abdominalium‚¹
1575 1257 1590 1277 a
1607 1257 1652 1283 re-

136 1283 283 1320 pletione,
304 1284 464 1320 depictione
480 1292 507 1314 et
525 1286 724 1330 locomotione
748 1279 858 1331 tractus
875 1283 1157 1333 intestinal'isw(d).
1180 1330 1181 1333 Ἰ
1210 1333 1212 1335 ¹

175 1325 274 1372 §.‚30.
317 1335 409 1371 Supra
425 1339 765 1379 memorataedivisiones
780 1341 920 1381 *cuiusvis
942 1343 1012 1373 rami
1035 1344 1365 1387 horizontalitershepar-
1378 1358 1568 1387 percurrunt,
1591 1352 1651 1382 dis-

136 1375 306 1414 tribuuntur
324 1376 412 1422 porro
427 1387 457 1415 in
476 1389 675 1425 ramusculos,
692 1390 728 1419 ,in
750 1400 822 1432 vasa
832 1394 990 1422 excretoria
1009 1391 1037 1423 et
1058 1403 1146 1424 venas
1162 1397 1308 1433 hepaticas
1328 1399 1501 1430 desinentes.
1540 1403 1651 1440 Magna

137 1437 289 1466 sedulitate
313 1443 340 1464 et
362 1437 459 1465 labore
478 1438 550 1466 varii
579 1440 732 1476 anatomici
755 1442 852 1483 conati
869 1449 962 1479 sunt,
984 1446 1191 1482 injectionibus
1215 1449 1416 1479 subtilissimis
1439 1453 1577 1490 probare,
1607 1456 1651 1484 di·

136 1488 211 1517 versi
229 1488 340 1524 generis
355 1488 422 1516 haec
442 1496 508 1517 vasa
526 1490 686 1520 immediate
715 1501 811 1521 secum
838 1494 962 1524 invicem
988 1497 1222 1534 communicare,
1243 1507 1302 1528 non
1324 1507 1415 1530 tamen
1433 1502 1472 1531 ita
1486 1511 1565 1534 certo
1581 1514 1653 1535 con·

135 1539 251 1568 cludere
267 1538 332 1567 licet
352 1539 386 1567 de
407 1539 612 1570 distributione
626 1550 726 1573 :venae
748 1550 896 1580 portarum
924 1555 958 1576 ex
977 1547 1183 1585 injectionibus
1212 1556 1240 1583 et
1265 1550 1351 1581 factis
1376 1555 1598 1592 experimentis,
1620 1558 1652 1587 in

136 1591 249 1627 quibus,
261 1579 379 1626 plurimi
398 1592 550 1621 anatomici
571 1593 785 1631 incubuerunt,
807 1603 839 1638 ut
863 1597 996 1637 quler,
1018 1599 1215 1638 Soammering
1236 1602 1351 1638 aliique.
1394 1605 1441 1634 Sic
1462 1614 1492 1636 v.
1514 1616 1557 1644 gr.
1580 1608 1650 1637 sub-

121 1634 218 1670 'tilior
232 1642 362 1671 materies
380 1642 515 1679 injectiva
533 1644 562 1673 in
580 1652 679 1674 venam
705 1653 852 1682 portarum
864 1650 920 1681 ,vel
939 1650 970 1679 in
988 1652 1117 1680 arteriam
1138 1652 1297 1689 hepaticam
1321 1655 1466 1692 impulsa,
1488 1666 1546 1686 non
1576 1659 1648 1693 diffi-

137 1693 228 1721 culter
247 1700 279 1720 ex
299 1692 412 1721 ultimis
434 1693 540 1723 finibus
558 1695 645 1724 unius
664 1696 692 1725 in
710 1698 823 1728 alteram
848 1701 973 1738 transit,
995 1703 1072 1732 unde
1089 1703 1185 1732 ultimi
1204 1703 1273 1734 fines
1294 1706 1415 1735 duorum
1441 1708 1541 1736 horum
1563 1718 1648 1738 vaso-

134 1750 196 1771 rum
222 1743 456 1773 anastomosibus
484 1745 556 1774 inter
574 1754 605 1775 se
629 1749 844 1782 communicare
862 1752 1014 1784 videntur:
1033 1762 1071 1785 an
1091 1762 1166 1786 vero*
1178 1755 1243 1786 talis
1261 1757 1490 1787 communicatio*
1507 1760 1645 1788 naturalis

1600 1812 1649 1839 ha-

160 1858 214 1886 (a)
235 1859 273 1881 cf.
293 1858 411 1887 Walther,
433 1859 498 1884 mbr.
515 1861 562 1884 cie.
581 1864 602 1889 §-
616 1863 652 1889 ⁸3-

159 1898 214 1923 (ᾗ)
238 1899 275 1920 Cf.
292 1898 391 1927 Bu'tliae,
412 1901 483 1925 Anat,
501 1903 554 1926 Gen.
577 1905 606 1926 T·
624 1911 643 1928 Ι·
665 1913 688 1934 Ρ·
705 1912 757 1935 397·

161 1939 212 1967 (⁶ae
234 1941 270 1962 Cf.
289 1940 387 1967 Blelmt,
412 1943 483 1965 Anat,
501 1945 555 1967 Gen.
572 1947 600 1968 T.
622 1953 643 1968 ι.
664 1955 687 1976 p.
702 1954 755 1975 4⁰0.

161 1980 209 2008 (d,
234 1982 271 2004 Cs.
287 1981 441 2011 Ausenrieth,
458 1985 523 2011 Phjs.
534 1987 578 2010 Th.
592 1993 615 2010 2.
630 1995 654 2017 p,
669 1989 705 2012 82.
724 1993 747 2018 ς,
762 1989 812 2020 ⁶39·

947 2033 1013 2064 Ca
