1946 2517
317 178 355 201 ια
725 155 1349 193 J.CL·A‘RlssE‚

307 261 474 293 dervicena
512 257 657 299 Collega,
694 256 841 285 Museum
880 251 1072 281 illustratum
1107 255 1162 280 est.
1210 245 1310 289 Quod
1341 245 1492 276 ultimum
1525 243 1647 275 donum
1677 244 1774 287 quin·

319 323 488 359 geutorum
522 313 585 345 sere
610 319 817 342 nummorum
852 308 1096 344 Romanorum,
1124 311 1347 348 argenteorum
1377 308 1472 344 atque
1499 312 1681 338 aereorum,
1713 310 1779 331 una

311 383 385 405 cum
413 371 543 402 minime
572 367 750 412 spernenda
779 363 955 406 antiquaria
982 361 1184 406 supellectili,
1207 368 1243 392 ut
1266 357 1390 402 semper
1413 366 1444 389 et
1471 357 1557 398 apud
1576 364 1719 401 posteros
1741 355 1782 388 de

316 438 466 471 generosa
499 427 596 457 animi
632 427 677 455 tui
713 421 822 454 indole
854 419 1035 455 testabitur,
1067 419 1110 448 ita
1145 427 1204 447 nos
1232 426 1344 446 omues
1374 414 1445 445 Tibi
1467 414 1648 456 plenissime
1676 413 1787 445 devin-

325 486 378 516 cit.
426 483 498 514 Plus
533 482 618 512 enim
645 491 712 510 esse
737 486 972 519 nonnunquam
996 477 1030 506 in
1061 485 1125 505 una
1155 481 1234 504 urna
1263 478 1316 502 aut
1342 476 1536 508 toreumatis,
1560 471 1592 501 in
1621 480 1688 500 uno
1719 479 1789 500 mu·

324 541 383 571 sivi
411 538 515 580 operis
534 536 585 568 vel
606 535 740 567 tesselati
762 533 959 576 fragmento,
980 536 1034 561 aut
1053 528 1242 566 nummulo,
1266 534 1320 558 aut
1341 526 1518 568 gemmula,
1542 536 1639 568 quam
1656 527 1690 557 in
1709 528 1790 567 spis-

325 597 367 627 sis
398 594 560 625 annalium
599 591 843 627 voluminibus,
875 589 999 620 veritati
1032 585 1178 629 praesidii
1207 585 1240 614 in
1269 583 1365 614 rebus
1395 583 1569 620 historicis,
1597 588 1628 613 et:
1664 581 1793 614 aliunde

325 659 439 683 notum
466 656 533 688 est,
562 655 594 680 et
630 651 723 679 novis
753 645 936 689 propediem
963 645 1180 680 documentis,
1204 653 1243 674 ex
1270 639 1373 684 lapide
1395 640 1428 670 in
1455 649 1531 681 agro
1553 639 1793 682 Carthaginien·

325 710 353 741 si
387 714 529 751 reperto,
561 708 711 737 Punicam
743 704 983 744 inscriptionem
1015 699 1204 736 exhibente,
1235 706 1489 740 Tri-araxenus
1515 702 1622 727 noster
1651 707 1710 738 pro
1737 707 1794 735 ea,

331 776 394 808 qua
411 764 511 801 valet,
536 761 734 798 eruditione,
756 759 921 801 sagacitate
947 763 980 788 et
1002 757 1035 787 in
1047 754 1203 798 urgendis
1229 752 1342 785 studiis
1368 751 1540 790 alacritate,
1564 759 1797 785 commonstra-

331 829 422 853 turus
447 827 506 852 est.

372 881 515 920 Regnare
547 876 581 906 in
605 875 754 906 universa
778 873 872 903 hacce
903 869 1101 902 Eruditionis
1131 873 1218 911 parte
1247 866 1430 898 historicam
1462 865 1679 909 cognitionem
1715 866 1797 898 vidt-

323 945 421 973 mus,
451 933 489 964 A.
511 932 551 964 A.
595 931 654 962 Sed
690 930 740 961 vel
775 930 820 960 sic
850 936 955 960 tamen
981 927 1032 958 fax
1060 929 1088 957 ei
1117 923 1339 965 Philosophiae
1366 929 1412 953 est
1439 920 1651 964 praeferenda.
1697 922 1797 964 Quod

323 992 407 1033 ⁴quis
431 990 510 1021 adeo
536 999 645 1020 vecors
671 988 710 1017 sit
729 993 783 1017 aut
807 985 848 1016 ab
873 985 961 1016 omni
979 984 1174 1015 humanitate
1192 981 1341 1022 rejectus,
1357 979 1414 1020 qui
1436 978 1475 1009 de
1493 977 1668 1020 Philologia
1687 979 1721 1009 in
1741 978 1802 1010 du-

333 1048 424 1079 bium
460 1057 572 1078 vocare
605 1043 782 1075 sustineat?
813 1041 905 1073 Unde
930 1042 1016 1072 enim
1048 1039 1098 1070 vel
1133 1038 1268 1069 Criticus
1304 1041 1395 1066 notas
1421 1033 1578 1069 ἀυθεντὶας
1610 1034 1661 1065 vel
1687 1034 1797 1071 νοθείας

334 1105 545 1146 scriptorum,
568 1100 617 1131 vel
645 1100 878 1130 Grammaticus
903 1096 1158 1130 observationes,
1193 1094 1261 1134 ‘sive
1289 1092 1328 1123 de
1357 1090 1482 1128 verbiS,
1505 1096 1657 1132 tanquam
1686 1092 1805 1133 cogita·

338 1168 444 1191 torum
468 1159 585 1201 signis,
610 1166 789 1197 eorumque
814 1152 1047 1196 significatione
1072 1157 1104 1182 et
1134 1159 1251 1187 sensu,
1275 1148 1341 1178 sive
1370 1146 1409 1177 de
1433 1156 1471 1177 eo
1494 1146 1583 1188 quod
1612 1152 1735 1177 certum
1763 1147 1806 1179 sit

338 1219 371 1249 iu
388 1212 641 1257 interpretando,
666 1212 732 1241 sive
756 1210 796 1241 de
821 1210 897 1252 ipsis
924 1208 1179 1239 llermeneutices
1201 1204 1337 1247 regulis,
1364 1203 1563 1233 mutuabitur
1585 1202 1732 1242 tandem,
1757 1204 1806 1235 ni.

340 1275 367 1305 si
391 1284 408 1304 e
442 1269 643 1312 Philosophia
669 1257 843 1299 rationali?
876 1264 986 1306 Quid?
1015 1263 1103 1306 quod
1139 1262 1295 1303 cujusque
1329 1260 1492 1301 Linguae,
1520 1270 1561 1290 ne
1587 1259 1628 1290 de
1656 1260 1809 1291 universo

341 1338 487 1361 sermone
523 1326 665 1357 humano
695 1323 816 1360 dicam,
848 1323 978 1365 genium
1012 1327 1043 1351 et
1068 1318 1209 1351 indolem
1242 1317 1420 1360 perspicere
1448 1326 1515 1346 non
1538 1322 1586 1346 est
1620 1317 1683 1347 nisi
1704 1316 1809 1347 Philo-

341 1386 445 1429 sophi.
505 1386 709 1414 Arneai-os
748 1380 835 1411 enim
870 1385 1197 1413 εοηῠιτιεηειοε,
1229 1381 1422 1405 ‘unsaros
1457 1382 1812 1412 nnnts‘rxnnusros,

343 1441 516 1473 clarissima
542 1438 621 1469 olim
647 1437 742 1478 hujus
767 1435 952 1467 Academiae
977 1435 1115 1473 lumina,
1139 1441 1252 1475 parum
1271 1441 1288 1460 a
1314 1429 1536 1472 Philosophiae
1563 1430 1737 1472 praeceptis
1758 1441 1811 1472 pa-

345 1505 430 1529 ratos
468 1495 632 1527 accessisse
672 1498 821 1535 putemus
856 1491 895 1522 ad
931 1489 1108 1531 analogiam
1149 1496 1322 1528 veramque
1353 1486 1509 1516 rationem
1529 1508 1539 1523 ‚
1569 1486 1636 1516 sive
1668 1487 1812 1517 Orienta—

346 1554 426 1585 lium
460 1552 676 1593 Linguarum‚
703 1550 769 1578 sive
795 1549 932 1578 Graecae
966 1553 997 1577 et
1030 1544 1198 1584 affinium,
1230 1550 1285 1574 aut
1312 1542 1537 1574 inveniendam
1566 1550 1621 1574 aut
1651 1543 1815 1575 declaran-

331 1609 443 1640 .dam?
479 1611 566 1643 Aut,
603 1607 661 1648 qui
689 1605 728 1636 de
759 1603 930 1635 universali
965 1602 1178 1634 Grammatica
1207 1598 1374 1632 condenda
1409 1599 1608 1640 cogitarunt,
1641 1609 1813 1637 οΑΝΖΙῐ,

348 1675 379 1697 v.
403 1675 450 1706 g.‚
474 1671 684 1698 nsunxsrr,
716 1662 900 1697 nnsuzffl,
930 1668 1130 1695 nnuman,
1153 1665 1295 1692 noran,
1328 1654 1380 1686 vel
1407 1656 1441 1685 in
1465 1653 1643 1685 admirabili
1673 1653 1725 1685 illa
1754 1654 1815 1685 liu.

353 1730 487 1765 guarum
516 1719 613 1761 hujus
643 1718 730 1749 orbis
757 1724 788 1748 et
824 1716 1028 1746 multitudine
1062 1721 1092 1744 et
1125 1713 1273 1743 varietate
1297 1710 1479 1741 communis
1507 1710 1653 1740 omnium
1681 1711 1815 1752 originis

354 1777 484 1820 vestigia
510 1777 757 1818 quaesiverunt,
786 1783 1019 1811 LEIBNtTH,
1051 1781 1228 1806 nunz‘rt,
1257 1778 1491 1804 HERVA811‚
1515 1777 1820 1806 sussnrtnctiu,

357 1842 572 1870 urrinnai,
594 1841 726 1861 ΒΗΜΛ
742 1840 800 1864 ιιι,
827 1830 874 1860 vel
902 1829 981 1860 adeo
1009 1830 1148 1870 linguam
1174 1825 1414 1868 philosopham,
1441 1823 1650 1855 universalem
1676 1823 1761 1855 illam
1786 1831 1818 1856 et

352 1892 390 1922 ad
415 1900 510 1921 omne
530 1889 611 1919 vitae
633 1897 732 1928 gewis
753 1885 1036 1924 accomiiioditam,
1058 1895 1213 1927 generoso
1232 1889 1371 1920 conatu,
1394 1883 1452 1912 etsi
1477 1883 1583 1911 minus·
1606 1880 1687 1911 felici
1701 1903 1709 1918 ‚
1727 1881 1815 1923 quod

352 1945 536 1984 fatendum,
566 1954 732 1982 successu,
764 1943 907 1974 invenire
937 1943 1043 1974 conati
1075 1947 1172 1980 suut,
1205 1948 1421 1977 annonast,
1452 1946 1699 1975 wrmxmsu,
1729 1947 1818 1968 son.

1741 2003 1821 2025 nnl-
