<?xml version="1.0" encoding="UTF-8"?>
<!DOCTYPE html PUBLIC "-//W3C//DTD XHTML 1.0 Transitional//EN"
    "http://www.w3.org/TR/xhtml1/DTD/xhtml1-transitional.dtd">
<html xmlns="http://www.w3.org/1999/xhtml" xml:lang="en" lang="en">
 <head>
  <title>
</title>
<meta http-equiv="Content-Type" content="text/html;charset=utf-8" />
  <meta name='ocr-system' content='tesseract 3.04.00' />
  <meta name='ocr-capabilities' content='ocr_page ocr_carea ocr_par ocr_line ocrx_word'/>
</head>
<body>
  <div class='ocr_page' id='page_1' title='image "annalesacademiae21rijk_0377.png"; bbox 0 0 1946 2517; ppageno 0'>
   <div class='ocr_carea' id='block_1_1' title="bbox 353 179 1643 221">
    <p class='ocr_par' dir='ltr' id='par_1_1' title="bbox 353 179 1643 221">
     <span class='ocr_line' id='line_1_1' title="bbox 353 179 1643 221; baseline 0.008 -11"><span class='ocrx_word' id='word_1_1' title='bbox 353 179 665 211; x_wconf 71' lang='lat' dir='ltr'>COMMENTATIO</span> <span class='ocrx_word' id='word_1_2' title='bbox 693 190 736 211; x_wconf 63' lang='lat' dir='ltr'>nn</span> <span class='ocrx_word' id='word_1_3' title='bbox 765 181 1071 219; x_wconf 83' lang='lat' dir='ltr'><strong>QUAESTIONEM</strong></span> <span class='ocrx_word' id='word_1_4' title='bbox 1101 182 1445 218; x_wconf 79' lang='lat' dir='ltr'><strong>PHILOSOPHICAM.</strong></span> <span class='ocrx_word' id='word_1_5' title='bbox 1608 191 1643 221; x_wconf 85' lang='lat'>61</span> 
     </span>
    </p>
   </div>
   <div class='ocr_carea' id='block_1_2' title="bbox 113 260 1643 1894">
    <p class='ocr_par' dir='ltr' id='par_1_2' title="bbox 137 260 1643 868">
     <span class='ocr_line' id='line_1_2' title="bbox 143 260 1642 307; baseline 0.006 -18"><span class='ocrx_word' id='word_1_6' title='bbox 143 261 200 289; x_wconf 82' lang='lat' dir='ltr'>fere</span> <span class='ocrx_word' id='word_1_7' title='bbox 224 260 279 290; x_wconf 88' lang='lat' dir='ltr'>sub</span> <span class='ocrx_word' id='word_1_8' title='bbox 300 261 433 296; x_wconf 82' lang='lat' dir='ltr'>pluribus</span> <span class='ocrx_word' id='word_1_9' title='bbox 457 263 608 300; x_wconf 77' lang='lat' dir='ltr'>categoriis</span> <span class='ocrx_word' id='word_1_10' title='bbox 631 263 729 292; x_wconf 86' lang='lat' dir='ltr'>simul.</span> <span class='ocrx_word' id='word_1_11' title='bbox 769 263 831 292; x_wconf 89' lang='lat' dir='ltr'>Hae</span> <span class='ocrx_word' id='word_1_12' title='bbox 853 272 922 293; x_wconf 85' lang='lat' dir='ltr'>sunt</span> <span class='ocrx_word' id='word_1_13' title='bbox 947 266 1112 297; x_wconf 85' lang='lat' dir='ltr'>intellectus</span> <span class='ocrx_word' id='word_1_14' title='bbox 1135 268 1228 297; x_wconf 85' lang='lat' dir='ltr'>nostri</span> <span class='ocrx_word' id='word_1_15' title='bbox 1249 275 1373 304; x_wconf 82' lang='lat' dir='ltr'>quatuor</span> <span class='ocrx_word' id='word_1_16' title='bbox 1398 270 1567 307; x_wconf 79' lang='lat' dir='ltr'>praecipuae</span> <span class='ocrx_word' id='word_1_17' title='bbox 1593 279 1642 301; x_wconf 82' lang='lat' dir='ltr'>ca-</span> 
     </span>
     <span class='ocr_line' id='line_1_3' title="bbox 137 314 1168 351; baseline 0.007 -9"><span class='ocrx_word' id='word_1_18' title='bbox 137 314 280 350; x_wconf 85' lang='lat' dir='ltr'>tegoriae,</span> <span class='ocrx_word' id='word_1_19' title='bbox 303 323 421 350; x_wconf 88' lang='lat' dir='ltr'>quarum</span> <span class='ocrx_word' id='word_1_20' title='bbox 448 323 578 351; x_wconf 86' lang='lat' dir='ltr'>quaeque</span> <span class='ocrx_word' id='word_1_21' title='bbox 603 322 660 344; x_wconf 88' lang='lat' dir='ltr'>tres</span> <span class='ocrx_word' id='word_1_22' title='bbox 680 314 907 346; x_wconf 79' lang='lat' dir='ltr'>modificationes</span> <span class='ocrx_word' id='word_1_23' title='bbox 926 317 956 347; x_wconf 90' lang='lat' dir='ltr'>in</span> <span class='ocrx_word' id='word_1_24' title='bbox 977 327 1008 347; x_wconf 84' lang='lat' dir='ltr'>se</span> <span class='ocrx_word' id='word_1_25' title='bbox 1027 320 1168 349; x_wconf 86' lang='lat' dir='ltr'>continet.</span> 
     </span>
     <span class='ocr_line' id='line_1_4' title="bbox 203 365 609 404; baseline 0.005 -10"><span class='ocrx_word' id='word_1_26' title='bbox 203 365 227 394; x_wconf 94' lang='lat'>1.</span> <span class='ocrx_word' id='word_1_27' title='bbox 252 366 401 402; x_wconf 80' lang='lat' dir='ltr'>Categoria</span> <span class='ocrx_word' id='word_1_28' title='bbox 422 368 609 404; x_wconf 77' lang='lat' dir='ltr'><em>quantitatis.</em></span> 
     </span>
     <span class='ocr_line' id='line_1_5' title="bbox 250 417 1337 456; baseline 0.005 -10"><span class='ocrx_word' id='word_1_29' title='bbox 250 418 293 447; x_wconf 82' lang='lat'>1⁰.</span> <span class='ocrx_word' id='word_1_30' title='bbox 312 420 436 447; x_wconf 79' lang='lat' dir='ltr'><em>unitatis</em></span> <span class='ocrx_word' id='word_1_31' title='bbox 457 418 518 446; x_wconf 81' lang='lat' dir='ltr'>sive</span> <span class='ocrx_word' id='word_1_32' title='bbox 535 417 762 456; x_wconf 68' lang='lat' dir='ltr'><em>generalitatis:</em></span> <span class='ocrx_word' id='word_1_33' title='bbox 782 419 876 447; x_wconf 89' lang='lat' dir='ltr'>omnia</span> <span class='ocrx_word' id='word_1_34' title='bbox 898 419 1051 449; x_wconf 76' lang='lat' dir='ltr'>animantia</span> <span class='ocrx_word' id='word_1_35' title='bbox 1078 429 1194 450; x_wconf 85' lang='lat' dir='ltr'>sensum</span> <span class='ocrx_word' id='word_1_36' title='bbox 1219 421 1337 453; x_wconf 83' lang='lat' dir='ltr'>habent.</span> 
     </span>
     <span class='ocr_line' id='line_1_6' title="bbox 245 468 1636 507; baseline 0.004 -9"><span class='ocrx_word' id='word_1_37' title='bbox 245 468 286 498; x_wconf 75' lang='lat'>2⁰.</span> <span class='ocrx_word' id='word_1_38' title='bbox 305 469 495 507; x_wconf 66' lang='lat' dir='ltr'><em>pluralitatis</em></span> <span class='ocrx_word' id='word_1_39' title='bbox 515 470 575 497; x_wconf 86' lang='lat' dir='ltr'>sive</span> <span class='ocrx_word' id='word_1_40' title='bbox 590 469 870 507; x_wconf 81' lang='lat' dir='ltr'><em>particularitatis:</em></span> <span class='ocrx_word' id='word_1_41' title='bbox 895 469 983 498; x_wconf 88' lang='lat' dir='ltr'>multa</span> <span class='ocrx_word' id='word_1_42' title='bbox 1002 470 1093 499; x_wconf 77' lang='lat' dir='ltr'>officia</span> <span class='ocrx_word' id='word_1_43' title='bbox 1108 471 1231 499; x_wconf 63' lang='lat' dir='ltr'>difficilia</span> <span class='ocrx_word' id='word_1_44' title='bbox 1245 492 1256 507; x_wconf 87' lang='lat'><strong>,</strong></span> <span class='ocrx_word' id='word_1_45' title='bbox 1280 472 1415 507; x_wconf 82' lang='lat' dir='ltr'><strong>quaedam</strong></span> <span class='ocrx_word' id='word_1_46' title='bbox 1437 472 1533 502; x_wconf 82' lang='lat' dir='ltr'>facilia</span> <span class='ocrx_word' id='word_1_47' title='bbox 1555 480 1636 503; x_wconf 88' lang='lat' dir='ltr'>sunt.</span> 
     </span>
     <span class='ocr_line' id='line_1_7' title="bbox 246 520 1640 560; baseline 0.002 -11"><span class='ocrx_word' id='word_1_48' title='bbox 246 520 290 559; x_wconf 80' lang='lat'>30.</span> <span class='ocrx_word' id='word_1_49' title='bbox 313 521 502 549; x_wconf 80' lang='lat' dir='ltr'><em>omnitudinis</em></span> <span class='ocrx_word' id='word_1_50' title='bbox 522 520 582 549; x_wconf 85' lang='lat' dir='ltr'>sive</span> <span class='ocrx_word' id='word_1_51' title='bbox 603 520 845 558; x_wconf 77' lang='lat' dir='ltr'><em>singularitatis.-</em></span> <span class='ocrx_word' id='word_1_52' title='bbox 864 520 937 549; x_wconf 79' lang='lat' dir='ltr'>nulli</span> <span class='ocrx_word' id='word_1_53' title='bbox 963 521 1091 551; x_wconf 83' lang='lat' dir='ltr'>homines</span> <span class='ocrx_word' id='word_1_54' title='bbox 1112 522 1207 551; x_wconf 85' lang='lat' dir='ltr'>volare</span> <span class='ocrx_word' id='word_1_55' title='bbox 1224 530 1369 559; x_wconf 70' lang='lat' dir='ltr'>possunt:</span> <span class='ocrx_word' id='word_1_56' title='bbox 1388 524 1531 553; x_wconf 81' lang='lat' dir='ltr'>Homerus</span> <span class='ocrx_word' id='word_1_57' title='bbox 1557 532 1640 560; x_wconf 76' lang='lat' dir='ltr'>mag-</span> 
     </span>
     <span class='ocr_line' id='line_1_8' title="bbox 317 571 567 608; baseline 0 -7"><span class='ocrx_word' id='word_1_58' title='bbox 317 581 372 601; x_wconf 90' lang='lat' dir='ltr'>nus</span> <span class='ocrx_word' id='word_1_59' title='bbox 393 571 448 599; x_wconf 89' lang='lat' dir='ltr'>fuit</span> <span class='ocrx_word' id='word_1_60' title='bbox 468 574 567 608; x_wconf 69' lang='lat' dir='ltr'>poeta.</span> 
     </span>
     <span class='ocr_line' id='line_1_9' title="bbox 185 623 582 661; baseline -0.003 -7"><span class='ocrx_word' id='word_1_61' title='bbox 185 624 224 654; x_wconf 85' lang='lat'>11.</span> <span class='ocrx_word' id='word_1_62' title='bbox 244 623 398 660; x_wconf 86' lang='lat' dir='ltr'>Categoria</span> <span class='ocrx_word' id='word_1_63' title='bbox 417 624 582 661; x_wconf 69' lang='lat' dir='ltr'><em>qualitatis.</em></span> 
     </span>
     <span class='ocr_line' id='line_1_10' title="bbox 243 674 1145 712; baseline 0.001 -7"><span class='ocrx_word' id='word_1_64' title='bbox 243 674 287 705; x_wconf 85' lang='lat'>1⁰.</span> <span class='ocrx_word' id='word_1_65' title='bbox 308 675 510 712; x_wconf 84' lang='lat' dir='ltr'><em>affirmationis</em></span> <span class='ocrx_word' id='word_1_66' title='bbox 530 681 578 703; x_wconf 89' lang='lat' dir='ltr'>aut</span> <span class='ocrx_word' id='word_1_67' title='bbox 598 674 771 704; x_wconf 77' lang='lat' dir='ltr'><em>realitatis:</em></span> <span class='ocrx_word' id='word_1_68' title='bbox 799 683 898 704; x_wconf 79' lang='lat' dir='ltr'>aurum</span> <span class='ocrx_word' id='word_1_69' title='bbox 921 681 963 704; x_wconf 84' lang='lat' dir='ltr'>est</span> <span class='ocrx_word' id='word_1_70' title='bbox 989 676 1145 707; x_wconf 81' lang='lat' dir='ltr'>metallum.</span> 
     </span>
     <span class='ocr_line' id='line_1_11' title="bbox 240 728 1041 768; baseline 0.001 -11"><span class='ocrx_word' id='word_1_71' title='bbox 240 728 285 757; x_wconf 78' lang='lat'>2⁰.</span> <span class='ocrx_word' id='word_1_72' title='bbox 307 731 468 767; x_wconf 80' lang='lat' dir='ltr'>negationis</span> <span class='ocrx_word' id='word_1_73' title='bbox 489 736 535 758; x_wconf 87' lang='lat' dir='ltr'>aut</span> <span class='ocrx_word' id='word_1_74' title='bbox 552 731 751 768; x_wconf 55' lang='lat' dir='ltr'><em>privationis:</em></span> <span class='ocrx_word' id='word_1_75' title='bbox 773 730 847 765; x_wconf 86' lang='lat' dir='ltr'>lapis</span> <span class='ocrx_word' id='word_1_76' title='bbox 868 738 925 758; x_wconf 89' lang='lat' dir='ltr'>non</span> <span class='ocrx_word' id='word_1_77' title='bbox 947 728 1041 758; x_wconf 83' lang='lat' dir='ltr'>sentit.</span> 
     </span>
     <span class='ocr_line' id='line_1_12' title="bbox 241 778 1643 816; baseline 0 -6"><span class='ocrx_word' id='word_1_78' title='bbox 241 778 286 816; x_wconf 79' lang='lat'>3⁰.</span> <span class='ocrx_word' id='word_1_79' title='bbox 305 783 501 811; x_wconf 70' lang='lat' dir='ltr'>contitutionis</span> <span class='ocrx_word' id='word_1_80' title='bbox 521 787 571 810; x_wconf 83' lang='lat' dir='ltr'>aut</span> <span class='ocrx_word' id='word_1_81' title='bbox 590 780 770 816; x_wconf 79' lang='lat' dir='ltr'><em>infinitatis:</em></span> <span class='ocrx_word' id='word_1_82' title='bbox 799 781 868 810; x_wconf 87' lang='lat' dir='ltr'>haee</span> <span class='ocrx_word' id='word_1_83' title='bbox 893 789 937 809; x_wconf 88' lang='lat' dir='ltr'>res</span> <span class='ocrx_word' id='word_1_84' title='bbox 966 781 1001 809; x_wconf 88' lang='lat' dir='ltr'>ab</span> <span class='ocrx_word' id='word_1_85' title='bbox 1029 781 1077 810; x_wconf 67' lang='lat' dir='ltr'>ilia</span> <span class='ocrx_word' id='word_1_86' title='bbox 1103 780 1212 813; x_wconf 74' lang='lat' dir='ltr'>differt.</span> <span class='ocrx_word' id='word_1_87' title='bbox 1255 781 1381 812; x_wconf 79' lang='lat' dir='ltr'>Animus</span> <span class='ocrx_word' id='word_1_88' title='bbox 1409 782 1446 811; x_wconf 82' lang='lat' dir='ltr'>ad</span> <span class='ocrx_word' id='word_1_89' title='bbox 1473 781 1643 811; x_wconf 78' lang='lat' dir='ltr'>immortalia</span> 
     </span>
     <span class='ocr_line' id='line_1_13' title="bbox 309 833 442 868; baseline 0.015 -7"><span class='ocrx_word' id='word_1_90' title='bbox 309 833 442 868; x_wconf 81' lang='lat' dir='ltr'>pertinet.</span> 
     </span>
    </p>

    <p class='ocr_par' dir='ltr' id='par_1_3' title="bbox 166 883 576 921">
     <span class='ocr_line' id='line_1_14' title="bbox 166 883 576 921; baseline 0 -7"><span class='ocrx_word' id='word_1_91' title='bbox 166 884 220 914; x_wconf 88' lang='lat'>111.</span> <span class='ocrx_word' id='word_1_92' title='bbox 242 883 395 921; x_wconf 86' lang='lat' dir='ltr'>Categoria</span> <span class='ocrx_word' id='word_1_93' title='bbox 416 885 576 914; x_wconf 71' lang='lat' dir='ltr'><em>relationis.</em></span> 
     </span>
    </p>

    <p class='ocr_par' dir='ltr' id='par_1_4' title="bbox 243 934 1642 1016">
     <span class='ocr_line' id='line_1_15' title="bbox 243 934 1642 971; baseline 0 -7"><span class='ocrx_word' id='word_1_94' title='bbox 243 934 286 965; x_wconf 82' lang='lat'>10.</span> <span class='ocrx_word' id='word_1_95' title='bbox 308 937 490 966; x_wconf 80' lang='lat' dir='ltr'><em>substantiae</em></span> <span class='ocrx_word' id='word_1_96' title='bbox 510 944 558 964; x_wconf 85' lang='lat' dir='ltr'>aut</span> <span class='ocrx_word' id='word_1_97' title='bbox 580 935 759 966; x_wconf 77' lang='lat' dir='ltr'><em>accidentis:</em></span> <span class='ocrx_word' id='word_1_98' title='bbox 785 936 872 964; x_wconf 85' lang='lat' dir='ltr'>homo</span> <span class='ocrx_word' id='word_1_99' title='bbox 895 935 979 964; x_wconf 87' lang='lat' dir='ltr'>habet</span> <span class='ocrx_word' id='word_1_100' title='bbox 1005 934 1153 964; x_wconf 83' lang='lat' dir='ltr'>rationem.</span> <span class='ocrx_word' id='word_1_101' title='bbox 1202 935 1260 963; x_wconf 88' lang='lat' dir='ltr'>Hic</span> <span class='ocrx_word' id='word_1_102' title='bbox 1287 936 1366 965; x_wconf 82' lang='lat' dir='ltr'><em>homo</em></span> <span class='ocrx_word' id='word_1_103' title='bbox 1391 942 1434 965; x_wconf 79' lang='lat' dir='ltr'>est</span> <span class='ocrx_word' id='word_1_104' title='bbox 1458 935 1642 971; x_wconf 76' lang='lat' dir='ltr'>substantia,</span> 
     </span>
     <span class='ocr_line' id='line_1_16' title="bbox 312 988 790 1016; baseline -0.002 -1"><span class='ocrx_word' id='word_1_105' title='bbox 312 988 397 1016; x_wconf 78' lang='lat' dir='ltr'><em>habet</em></span> <span class='ocrx_word' id='word_1_106' title='bbox 417 989 560 1016; x_wconf 79' lang='lat' dir='ltr'><em>rationem</em></span> <span class='ocrx_word' id='word_1_107' title='bbox 584 993 628 1015; x_wconf 85' lang='lat' dir='ltr'>est</span> <span class='ocrx_word' id='word_1_108' title='bbox 649 988 790 1015; x_wconf 70' lang='lat' dir='ltr'>accidens,</span> 
     </span>
    </p>

    <p class='ocr_par' dir='ltr' id='par_1_5' title="bbox 242 1036 1503 1076">
     <span class='ocr_line' id='line_1_17' title="bbox 242 1036 1503 1076; baseline 0.001 -9"><span class='ocrx_word' id='word_1_109' title='bbox 242 1038 285 1067; x_wconf 82' lang='lat'>2⁰.</span> <span class='ocrx_word' id='word_1_110' title='bbox 305 1046 411 1066; x_wconf 80' lang='lat' dir='ltr'>causae</span> <span class='ocrx_word' id='word_1_111' title='bbox 431 1046 481 1067; x_wconf 88' lang='lat' dir='ltr'>aut</span> <span class='ocrx_word' id='word_1_112' title='bbox 501 1038 650 1075; x_wconf 80' lang='lat' dir='ltr'><em>effectuum</em></span> <span class='ocrx_word' id='word_1_113' title='bbox 662 1047 674 1066; x_wconf 87' lang='grc'>.-</span> <span class='ocrx_word' id='word_1_114' title='bbox 694 1039 769 1075; x_wconf 75' lang='lat' dir='ltr'>ignis</span> <span class='ocrx_word' id='word_1_115' title='bbox 791 1038 926 1074; x_wconf 86' lang='lat' dir='ltr'>(causa)</span> <span class='ocrx_word' id='word_1_116' title='bbox 947 1036 1053 1067; x_wconf 84' lang='lat' dir='ltr'>ferrum</span> <span class='ocrx_word' id='word_1_117' title='bbox 1073 1038 1155 1066; x_wconf 89' lang='lat' dir='ltr'>lenit.</span> <span class='ocrx_word' id='word_1_118' title='bbox 1178 1038 1274 1075; x_wconf 80' lang='lat' dir='ltr'><em>(lenit</em></span> <span class='ocrx_word' id='word_1_119' title='bbox 1291 1045 1335 1068; x_wconf 86' lang='lat' dir='ltr'>est</span> <span class='ocrx_word' id='word_1_120' title='bbox 1352 1038 1470 1068; x_wconf 85' lang='lat' dir='ltr'>effectus</span> <span class='ocrx_word' id='word_1_121' title='bbox 1478 1040 1503 1076; x_wconf 85' lang='lat'>).</span> 
     </span>
    </p>

    <p class='ocr_par' dir='ltr' id='par_1_6' title="bbox 241 1088 1637 1178">
     <span class='ocr_line' id='line_1_18' title="bbox 241 1088 1637 1126; baseline 0.002 -9"><span class='ocrx_word' id='word_1_122' title='bbox 241 1088 287 1126; x_wconf 78' lang='lat'>30.</span> <span class='ocrx_word' id='word_1_123' title='bbox 307 1090 510 1118; x_wconf 80' lang='lat' dir='ltr'><em>communionis</em></span> <span class='ocrx_word' id='word_1_124' title='bbox 530 1090 551 1119; x_wconf 92' lang='lat' dir='ltr'>i.</span> <span class='ocrx_word' id='word_1_125' title='bbox 569 1098 595 1118; x_wconf 88' lang='lat' dir='ltr'>e.</span> <span class='ocrx_word' id='word_1_126' title='bbox 617 1091 738 1118; x_wconf 80' lang='lat' dir='ltr'><em>actionis</em></span> <span class='ocrx_word' id='word_1_127' title='bbox 762 1095 790 1117; x_wconf 88' lang='lat' dir='ltr'>et</span> <span class='ocrx_word' id='word_1_128' title='bbox 817 1090 995 1118; x_wconf 76' lang='lat' dir='ltr'><em>reactionis:</em></span> <span class='ocrx_word' id='word_1_129' title='bbox 1025 1090 1050 1117; x_wconf 87' lang='lat' dir='ltr'>si</span> <span class='ocrx_word' id='word_1_130' title='bbox 1076 1097 1182 1126; x_wconf 89' lang='lat' dir='ltr'>corpus</span> <span class='ocrx_word' id='word_1_131' title='bbox 1207 1091 1351 1126; x_wconf 85' lang='lat' dir='ltr'>percutit,</span> <span class='ocrx_word' id='word_1_132' title='bbox 1381 1099 1469 1120; x_wconf 88' lang='lat' dir='ltr'>unum</span> <span class='ocrx_word' id='word_1_133' title='bbox 1493 1091 1528 1120; x_wconf 87' lang='lat' dir='ltr'>ab</span> <span class='ocrx_word' id='word_1_134' title='bbox 1548 1091 1637 1121; x_wconf 80' lang='lat' dir='ltr'>altero</span> 
     </span>
     <span class='ocr_line' id='line_1_19' title="bbox 306 1137 980 1178; baseline 0.001 -9"><span class='ocrx_word' id='word_1_135' title='bbox 306 1142 474 1178; x_wconf 76' lang='lat' dir='ltr'>repellitur:</span> <span class='ocrx_word' id='word_1_136' title='bbox 497 1143 576 1170; x_wconf 86' lang='lat' dir='ltr'>aetio</span> <span class='ocrx_word' id='word_1_137' title='bbox 595 1148 622 1170; x_wconf 85' lang='lat' dir='ltr'>et</span> <span class='ocrx_word' id='word_1_138' title='bbox 642 1139 749 1170; x_wconf 86' lang='lat' dir='ltr'>reactio</span> <span class='ocrx_word' id='word_1_139' title='bbox 770 1140 860 1170; x_wconf 82' lang='lat' dir='ltr'>adest.</span> <span class='ocrx_word' id='word_1_140' title='bbox 975 1137 980 1145; x_wconf 74' lang='grc'><strong>“</strong></span> 
     </span>
    </p>

    <p class='ocr_par' dir='ltr' id='par_1_7' title="bbox 162 1188 598 1228">
     <span class='ocr_line' id='line_1_20' title="bbox 162 1188 598 1228; baseline 0.009 -8"><span class='ocrx_word' id='word_1_141' title='bbox 162 1188 215 1220; x_wconf 82' lang='lat' dir='ltr'>lv.</span> <span class='ocrx_word' id='word_1_142' title='bbox 237 1191 388 1228; x_wconf 82' lang='lat' dir='ltr'>Categoria</span> <span class='ocrx_word' id='word_1_143' title='bbox 409 1193 598 1224; x_wconf 76' lang='lat' dir='ltr'><em>modalitatis.</em></span> 
     </span>
    </p>

    <p class='ocr_par' dir='ltr' id='par_1_8' title="bbox 242 1243 1634 1333">
     <span class='ocr_line' id='line_1_21' title="bbox 242 1243 1634 1283; baseline 0.002 -11"><span class='ocrx_word' id='word_1_144' title='bbox 242 1243 283 1273; x_wconf 65' lang='grc' dir='ltr'>ιο.</span> <span class='ocrx_word' id='word_1_145' title='bbox 304 1244 507 1282; x_wconf 83' lang='lat' dir='ltr'><em>possibilitatis</em></span> <span class='ocrx_word' id='word_1_146' title='bbox 528 1252 577 1274; x_wconf 91' lang='lat' dir='ltr'>aut</span> <span class='ocrx_word' id='word_1_147' title='bbox 597 1244 861 1283; x_wconf 72' lang='lat' dir='ltr'><em>impossibilitatis.-</em></span> <span class='ocrx_word' id='word_1_148' title='bbox 880 1243 972 1280; x_wconf 84' lang='lat' dir='ltr'>figura</span> <span class='ocrx_word' id='word_1_149' title='bbox 996 1252 1030 1273; x_wconf 82' lang='lat' dir='ltr'>ex</span> <span class='ocrx_word' id='word_1_150' title='bbox 1050 1253 1089 1273; x_wconf 88' lang='lat'>20</span> <span class='ocrx_word' id='word_1_151' title='bbox 1106 1244 1221 1281; x_wconf 81' lang='lat' dir='ltr'>angulis</span> <span class='ocrx_word' id='word_1_152' title='bbox 1242 1252 1379 1275; x_wconf 77' lang='lat' dir='ltr'>constans</span> <span class='ocrx_word' id='word_1_153' title='bbox 1405 1245 1558 1283; x_wconf 86' lang='lat' dir='ltr'>possibilis</span> <span class='ocrx_word' id='word_1_154' title='bbox 1579 1250 1634 1275; x_wconf 78' lang='lat' dir='ltr'>est.</span> 
     </span>
     <span class='ocr_line' id='line_1_22' title="bbox 310 1294 1626 1333; baseline 0 -10"><span class='ocrx_word' id='word_1_155' title='bbox 310 1294 398 1324; x_wconf 82' lang='lat' dir='ltr'>Ratio</span> <span class='ocrx_word' id='word_1_156' title='bbox 422 1296 546 1333; x_wconf 82' lang='lat' dir='ltr'>practica</span> <span class='ocrx_word' id='word_1_157' title='bbox 570 1295 632 1324; x_wconf 89' lang='lat' dir='ltr'>falli</span> <span class='ocrx_word' id='word_1_158' title='bbox 653 1296 766 1331; x_wconf 87' lang='lat' dir='ltr'>nequit.</span> <span class='ocrx_word' id='word_1_159' title='bbox 1622 1327 1626 1331; x_wconf 49' lang='grc'>,</span> 
     </span>
    </p>

    <p class='ocr_par' dir='ltr' id='par_1_9' title="bbox 236 1345 1634 1382">
     <span class='ocr_line' id='line_1_23' title="bbox 236 1345 1634 1382; baseline -0.001 -7"><span class='ocrx_word' id='word_1_160' title='bbox 236 1346 281 1375; x_wconf 81' lang='lat'>20.</span> <span class='ocrx_word' id='word_1_161' title='bbox 304 1354 362 1375; x_wconf 82' lang='lat' dir='ltr'>csse</span> <span class='ocrx_word' id='word_1_162' title='bbox 376 1353 425 1375; x_wconf 87' lang='lat' dir='ltr'>aut</span> <span class='ocrx_word' id='word_1_163' title='bbox 442 1356 497 1376; x_wconf 87' lang='lat' dir='ltr'>non</span> <span class='ocrx_word' id='word_1_164' title='bbox 512 1355 589 1376; x_wconf 77' lang='lat' dir='ltr'>esse:</span> <span class='ocrx_word' id='word_1_165' title='bbox 609 1348 714 1382; x_wconf 85' lang='lat' dir='ltr'>arbor,</span> <span class='ocrx_word' id='word_1_166' title='bbox 740 1354 825 1381; x_wconf 85' lang='lat' dir='ltr'>quam</span> <span class='ocrx_word' id='word_1_167' title='bbox 845 1345 948 1380; x_wconf 82' lang='lat' dir='ltr'>video,</span> <span class='ocrx_word' id='word_1_168' title='bbox 969 1352 1025 1375; x_wconf 85' lang='lat' dir='ltr'>est.</span> <span class='ocrx_word' id='word_1_169' title='bbox 1067 1347 1163 1375; x_wconf 84' lang='lat' dir='ltr'>Homo</span> <span class='ocrx_word' id='word_1_170' title='bbox 1180 1354 1246 1375; x_wconf 86' lang='lat' dir='ltr'>cum</span> <span class='ocrx_word' id='word_1_171' title='bbox 1272 1355 1328 1376; x_wconf 86' lang='lat'>100</span> <span class='ocrx_word' id='word_1_172' title='bbox 1345 1346 1475 1375; x_wconf 80' lang='lat' dir='ltr'>manibus</span> <span class='ocrx_word' id='word_1_173' title='bbox 1497 1353 1556 1374; x_wconf 91' lang='lat' dir='ltr'>non</span> <span class='ocrx_word' id='word_1_174' title='bbox 1580 1352 1634 1374; x_wconf 81' lang='lat' dir='ltr'>est.</span> 
     </span>
    </p>

    <p class='ocr_par' dir='ltr' id='par_1_10' title="bbox 237 1396 1634 1484">
     <span class='ocr_line' id='line_1_24' title="bbox 237 1396 1634 1436; baseline -0.001 -10"><span class='ocrx_word' id='word_1_175' title='bbox 237 1398 281 1435; x_wconf 77' lang='lat'>3⁰.</span> <span class='ocrx_word' id='word_1_176' title='bbox 303 1401 482 1428; x_wconf 73' lang='lat' dir='ltr'><em>necessitatis</em></span> <span class='ocrx_word' id='word_1_177' title='bbox 502 1406 551 1428; x_wconf 88' lang='lat' dir='ltr'>aut</span> <span class='ocrx_word' id='word_1_178' title='bbox 573 1400 798 1436; x_wconf 70' lang='lat' dir='ltr'><em>contingentiae.</em></span> <span class='ocrx_word' id='word_1_179' title='bbox 850 1397 882 1426; x_wconf 85' lang='lat' dir='ltr'>Si</span> <span class='ocrx_word' id='word_1_180' title='bbox 908 1398 954 1425; x_wconf 78' lang='lat' dir='ltr'>sol</span> <span class='ocrx_word' id='word_1_181' title='bbox 976 1398 1072 1432; x_wconf 86' lang='lat' dir='ltr'>lucet,</span> <span class='ocrx_word' id='word_1_182' title='bbox 1092 1399 1143 1426; x_wconf 84' lang='lat' dir='ltr'>lux</span> <span class='ocrx_word' id='word_1_183' title='bbox 1164 1399 1329 1426; x_wconf 76' lang='lat' dir='ltr'>necessaria</span> <span class='ocrx_word' id='word_1_184' title='bbox 1348 1403 1404 1426; x_wconf 81' lang='lat' dir='ltr'>cst.</span> <span class='ocrx_word' id='word_1_185' title='bbox 1454 1396 1548 1425; x_wconf 78' lang='lat' dir='ltr'>Hodie</span> <span class='ocrx_word' id='word_1_186' title='bbox 1574 1403 1634 1425; x_wconf 81' lang='lat' dir='ltr'>non</span> 
     </span>
     <span class='ocr_line' id='line_1_25' title="bbox 305 1447 1125 1484; baseline 0 -8"><span class='ocrx_word' id='word_1_187' title='bbox 305 1449 464 1477; x_wconf 72' lang='lat' dir='ltr'>necessarie</span> <span class='ocrx_word' id='word_1_188' title='bbox 488 1450 583 1484; x_wconf 87' lang='lat' dir='ltr'>pluet:</span> <span class='ocrx_word' id='word_1_189' title='bbox 607 1449 636 1478; x_wconf 87' lang='lat' dir='ltr'>id</span> <span class='ocrx_word' id='word_1_190' title='bbox 660 1447 862 1477; x_wconf 86' lang='lat' dir='ltr'>tantummodo</span> <span class='ocrx_word' id='word_1_191' title='bbox 884 1449 1050 1484; x_wconf 75' lang='lat' dir='ltr'><em>contingens</em></span> <span class='ocrx_word' id='word_1_192' title='bbox 1069 1454 1125 1476; x_wconf 89' lang='lat' dir='ltr'>est.</span> 
     </span>
    </p>

    <p class='ocr_par' dir='ltr' id='par_1_11' title="bbox 117 1497 1634 1739">
     <span class='ocr_line' id='line_1_26' title="bbox 162 1497 1629 1537; baseline -0.001 -10"><span class='ocrx_word' id='word_1_193' title='bbox 162 1498 222 1527; x_wconf 79' lang='lat' dir='ltr'>Hae</span> <span class='ocrx_word' id='word_1_194' title='bbox 246 1497 356 1527; x_wconf 83' lang='lat' dir='ltr'>f01mae</span> <span class='ocrx_word' id='word_1_195' title='bbox 377 1506 436 1527; x_wconf 88' lang='lat' dir='ltr'>non</span> <span class='ocrx_word' id='word_1_196' title='bbox 462 1498 498 1527; x_wconf 85' lang='lat' dir='ltr'>ab</span> <span class='ocrx_word' id='word_1_197' title='bbox 527 1499 651 1536; x_wconf 84' lang='lat' dir='ltr'>objectis</span> <span class='ocrx_word' id='word_1_198' title='bbox 674 1499 702 1527; x_wconf 90' lang='lat' dir='ltr'>in</span> <span class='ocrx_word' id='word_1_199' title='bbox 725 1499 821 1527; x_wconf 85' lang='lat' dir='ltr'>animo</span> <span class='ocrx_word' id='word_1_200' title='bbox 848 1497 999 1532; x_wconf 84' lang='lat' dir='ltr'>oriuntur,</span> <span class='ocrx_word' id='word_1_201' title='bbox 1020 1497 1070 1526; x_wconf 89' lang='lat' dir='ltr'>sed</span> <span class='ocrx_word' id='word_1_202' title='bbox 1099 1507 1118 1526; x_wconf 88' lang='lat' dir='ltr'><em>a</em></span> <span class='ocrx_word' id='word_1_203' title='bbox 1134 1499 1234 1537; x_wconf 80' lang='lat' dir='ltr'><em>priori</em></span> <span class='ocrx_word' id='word_1_204' title='bbox 1252 1499 1309 1535; x_wconf 83' lang='lat' dir='ltr'>jam</span> <span class='ocrx_word' id='word_1_205' title='bbox 1333 1498 1364 1527; x_wconf 78' lang='lat' dir='ltr'>in</span> <span class='ocrx_word' id='word_1_206' title='bbox 1386 1497 1482 1526; x_wconf 78' lang='lat' dir='ltr'>animo</span> <span class='ocrx_word' id='word_1_207' title='bbox 1503 1497 1629 1526; x_wconf 81' lang='lat' dir='ltr'>aderant.</span> 
     </span>
     <span class='ocr_line' id='line_1_27' title="bbox 118 1548 1634 1588; baseline -0.004 -6"><span class='ocrx_word' id='word_1_208' title='bbox 118 1551 240 1588; x_wconf 78' lang='lat' dir='ltr'>Absque</span> <span class='ocrx_word' id='word_1_209' title='bbox 268 1552 325 1581; x_wconf 87' lang='lat' dir='ltr'>illis</span> <span class='ocrx_word' id='word_1_210' title='bbox 353 1552 436 1580; x_wconf 90' lang='lat' dir='ltr'>nullo</span> <span class='ocrx_word' id='word_1_211' title='bbox 468 1553 554 1581; x_wconf 90' lang='lat' dir='ltr'>modo</span> <span class='ocrx_word' id='word_1_212' title='bbox 581 1553 708 1588; x_wconf 78' lang='lat' dir='ltr'>cogitare</span> <span class='ocrx_word' id='word_1_213' title='bbox 743 1557 924 1587; x_wconf 81' lang='lat' dir='ltr'>possumus,</span> <span class='ocrx_word' id='word_1_214' title='bbox 952 1556 1064 1584; x_wconf 80' lang='lat' dir='ltr'>semper</span> <span class='ocrx_word' id='word_1_215' title='bbox 1089 1548 1134 1577; x_wconf 86' lang='lat' dir='ltr'>his</span> <span class='ocrx_word' id='word_1_216' title='bbox 1166 1548 1268 1578; x_wconf 85' lang='lat' dir='ltr'>formis</span> <span class='ocrx_word' id='word_1_217' title='bbox 1297 1549 1488 1586; x_wconf 81' lang='lat' dir='ltr'>cogitationes</span> <span class='ocrx_word' id='word_1_218' title='bbox 1517 1553 1634 1576; x_wconf 80' lang='lat' dir='ltr'>nostrae</span> 
     </span>
     <span class='ocr_line' id='line_1_28' title="bbox 119 1598 1632 1640; baseline -0.004 -8"><span class='ocrx_word' id='word_1_219' title='bbox 119 1603 356 1639; x_wconf 78' lang='lat' dir='ltr'>adstringuntur,</span> <span class='ocrx_word' id='word_1_220' title='bbox 377 1611 404 1631; x_wconf 87' lang='lat' dir='ltr'>et</span> <span class='ocrx_word' id='word_1_221' title='bbox 425 1604 561 1639; x_wconf 86' lang='lat' dir='ltr'>quoniam</span> <span class='ocrx_word' id='word_1_222' title='bbox 581 1610 706 1640; x_wconf 68' lang='lat' dir='ltr'>cogitare</span> <span class='ocrx_word' id='word_1_223' title='bbox 735 1603 768 1630; x_wconf 85' lang='lat' dir='ltr'>de</span> <span class='ocrx_word' id='word_1_224' title='bbox 788 1602 872 1629; x_wconf 84' lang='lat' dir='ltr'>rebus</span> <span class='ocrx_word' id='word_1_225' title='bbox 892 1609 951 1630; x_wconf 85' lang='lat' dir='ltr'>non</span> <span class='ocrx_word' id='word_1_226' title='bbox 979 1608 1137 1635; x_wconf 81' lang='lat' dir='ltr'>possumus</span> <span class='ocrx_word' id='word_1_227' title='bbox 1162 1601 1223 1629; x_wconf 87' lang='lat' dir='ltr'>sine</span> <span class='ocrx_word' id='word_1_228' title='bbox 1243 1608 1376 1636; x_wconf 88' lang='lat' dir='ltr'>respectu</span> <span class='ocrx_word' id='word_1_229' title='bbox 1402 1598 1632 1635; x_wconf 81' lang='lat' dir='ltr'>categoriarum,</span> 
     </span>
     <span class='ocr_line' id='line_1_29' title="bbox 121 1650 1633 1690; baseline -0.001 -8"><span class='ocrx_word' id='word_1_230' title='bbox 121 1661 227 1689; x_wconf 79' lang='lat' dir='ltr'>sponte</span> <span class='ocrx_word' id='word_1_231' title='bbox 250 1662 433 1690; x_wconf 71' lang='lat' dir='ltr'>consequens</span> <span class='ocrx_word' id='word_1_232' title='bbox 456 1661 524 1690; x_wconf 75' lang='lat' dir='ltr'>est,</span> <span class='ocrx_word' id='word_1_233' title='bbox 555 1663 597 1683; x_wconf 82' lang='lat' dir='ltr'>res</span> <span class='ocrx_word' id='word_1_234' title='bbox 620 1663 634 1682; x_wconf 81' lang='lat' dir='ltr'>a</span> <span class='ocrx_word' id='word_1_235' title='bbox 662 1654 748 1683; x_wconf 87' lang='lat' dir='ltr'>nobis</span> <span class='ocrx_word' id='word_1_236' title='bbox 775 1653 939 1689; x_wconf 83' lang='lat' dir='ltr'>cognosci,</span> <span class='ocrx_word' id='word_1_237' title='bbox 969 1659 1030 1681; x_wconf 86' lang='lat' dir='ltr'>non</span> <span class='ocrx_word' id='word_1_238' title='bbox 1054 1651 1096 1678; x_wconf 85' lang='lat' dir='ltr'>uti</span> <span class='ocrx_word' id='word_1_239' title='bbox 1120 1659 1170 1686; x_wconf 86' lang='lat' dir='ltr'>per</span> <span class='ocrx_word' id='word_1_240' title='bbox 1196 1658 1227 1679; x_wconf 87' lang='lat' dir='ltr'>se</span> <span class='ocrx_word' id='word_1_241' title='bbox 1257 1657 1326 1679; x_wconf 86' lang='lat' dir='ltr'>sunt</span> <span class='ocrx_word' id='word_1_242' title='bbox 1361 1650 1404 1686; x_wconf 91' lang='lat' dir='ltr'>(i.</span> <span class='ocrx_word' id='word_1_243' title='bbox 1422 1658 1447 1680; x_wconf 85' lang='lat' dir='ltr'>e.</span> <span class='ocrx_word' id='word_1_244' title='bbox 1469 1651 1633 1688; x_wconf 79' lang='grc' dir='ltr'>νούμενοι),</span> 
     </span>
     <span class='ocr_line' id='line_1_30' title="bbox 117 1699 1426 1739; baseline -0.001 -8"><span class='ocrx_word' id='word_1_245' title='bbox 117 1705 166 1732; x_wconf 75' lang='lat' dir='ltr'>sed</span> <span class='ocrx_word' id='word_1_246' title='bbox 195 1704 236 1731; x_wconf 87' lang='lat' dir='ltr'>uti</span> <span class='ocrx_word' id='word_1_247' title='bbox 258 1705 292 1731; x_wconf 89' lang='lat' dir='ltr'>ab</span> <span class='ocrx_word' id='word_1_248' title='bbox 318 1705 478 1734; x_wconf 79' lang='lat' dir='ltr'>intellectus</span> <span class='ocrx_word' id='word_1_249' title='bbox 504 1705 607 1734; x_wconf 85' lang='lat' dir='ltr'>formis</span> <span class='ocrx_word' id='word_1_250' title='bbox 634 1706 720 1734; x_wconf 73' lang='lat' dir='ltr'>nobis</span> <span class='ocrx_word' id='word_1_251' title='bbox 747 1705 898 1732; x_wconf 87' lang='lat' dir='ltr'>traduntur</span> <span class='ocrx_word' id='word_1_252' title='bbox 922 1709 1010 1737; x_wconf 87' lang='lat' dir='ltr'>atque</span> <span class='ocrx_word' id='word_1_253' title='bbox 1037 1706 1183 1739; x_wconf 84' lang='lat' dir='ltr'><em>apparent</em></span> <span class='ocrx_word' id='word_1_254' title='bbox 1205 1701 1387 1737; x_wconf 62' lang='grc' dir='ltr'>(φαινόμενα</span> <span class='ocrx_word' id='word_1_255' title='bbox 1398 1699 1426 1737; x_wconf 87' lang='grc'>).</span> 
     </span>
    </p>

    <p class='ocr_par' dir='ltr' id='par_1_12' title="bbox 113 1751 1630 1894">
     <span class='ocr_line' id='line_1_31' title="bbox 150 1751 1630 1792; baseline -0.003 -10"><span class='ocrx_word' id='word_1_256' title='bbox 150 1753 213 1790; x_wconf 85' lang='lat' dir='ltr'>Jam</span> <span class='ocrx_word' id='word_1_257' title='bbox 238 1763 305 1784; x_wconf 85' lang='lat' dir='ltr'>vero</span> <span class='ocrx_word' id='word_1_258' title='bbox 330 1761 401 1784; x_wconf 73' lang='lat' dir='ltr'>sunt</span> <span class='ocrx_word' id='word_1_259' title='bbox 422 1763 450 1784; x_wconf 87' lang='lat' dir='ltr'>et</span> <span class='ocrx_word' id='word_1_260' title='bbox 474 1757 576 1785; x_wconf 83' lang='lat' dir='ltr'>rationi</span> <span class='ocrx_word' id='word_1_261' title='bbox 604 1757 745 1792; x_wconf 83' lang='lat' dir='ltr'>practicae</span> <span class='ocrx_word' id='word_1_262' title='bbox 768 1753 878 1782; x_wconf 83' lang='lat' dir='ltr'>formae</span> <span class='ocrx_word' id='word_1_263' title='bbox 898 1755 938 1787; x_wconf 89' lang='lat'>(1</span> <span class='ocrx_word' id='word_1_264' title='bbox 954 1754 983 1789; x_wconf 88' lang='lat'>).</span> <span class='ocrx_word' id='word_1_265' title='bbox 1024 1752 1112 1780; x_wconf 89' lang='lat' dir='ltr'>Nunc</span> <span class='ocrx_word' id='word_1_266' title='bbox 1137 1753 1172 1780; x_wconf 87' lang='lat' dir='ltr'>de</span> <span class='ocrx_word' id='word_1_267' title='bbox 1200 1751 1291 1781; x_wconf 84' lang='lat' dir='ltr'>forma</span> <span class='ocrx_word' id='word_1_268' title='bbox 1313 1751 1487 1788; x_wconf 57' lang='lat' dir='ltr'>legislatoria</span> <span class='ocrx_word' id='word_1_269' title='bbox 1504 1758 1630 1788; x_wconf 82' lang='lat' dir='ltr'>agamus.</span> 
     </span>
     <span class='ocr_line' id='line_1_32' title="bbox 117 1802 1628 1843; baseline -0.003 -9"><span class='ocrx_word' id='word_1_270' title='bbox 117 1804 197 1834; x_wconf 78' lang='lat' dir='ltr'>Haec</span> <span class='ocrx_word' id='word_1_271' title='bbox 217 1805 306 1834; x_wconf 86' lang='lat' dir='ltr'>forma</span> <span class='ocrx_word' id='word_1_272' title='bbox 329 1807 502 1843; x_wconf 81' lang='lat' dir='ltr'>legislatoria</span> <span class='ocrx_word' id='word_1_273' title='bbox 528 1808 601 1836; x_wconf 87' lang='lat' dir='ltr'>nihil</span> <span class='ocrx_word' id='word_1_274' title='bbox 624 1807 700 1835; x_wconf 84' lang='lat' dir='ltr'>aliud</span> <span class='ocrx_word' id='word_1_275' title='bbox 724 1813 788 1841; x_wconf 86' lang='lat' dir='ltr'>est,</span> <span class='ocrx_word' id='word_1_276' title='bbox 811 1814 895 1841; x_wconf 86' lang='lat' dir='ltr'>quam</span> <span class='ocrx_word' id='word_1_277' title='bbox 916 1804 994 1841; x_wconf 89' lang='lat' dir='ltr'>quod</span> <span class='ocrx_word' id='word_1_278' title='bbox 1015 1804 1088 1832; x_wconf 84' lang='lat' dir='ltr'>ratio</span> <span class='ocrx_word' id='word_1_279' title='bbox 1110 1803 1236 1839; x_wconf 86' lang='lat' dir='ltr'>practica</span> <span class='ocrx_word' id='word_1_280' title='bbox 1256 1811 1304 1839; x_wconf 88' lang='lat' dir='ltr'>per</span> <span class='ocrx_word' id='word_1_281' title='bbox 1322 1811 1373 1837; x_wconf 83' lang='lat' dir='ltr'>se,</span> <span class='ocrx_word' id='word_1_282' title='bbox 1395 1810 1445 1838; x_wconf 84' lang='lat' dir='ltr'>per</span> <span class='ocrx_word' id='word_1_283' title='bbox 1467 1809 1496 1830; x_wconf 91' lang='lat' dir='ltr'>se</span> <span class='ocrx_word' id='word_1_284' title='bbox 1515 1802 1628 1837; x_wconf 82' lang='lat' dir='ltr'>solam,</span> 
     </span>
     <span class='ocr_line' id='line_1_33' title="bbox 113 1854 1393 1894; baseline -0.002 -11"><span class='ocrx_word' id='word_1_285' title='bbox 113 1863 163 1892; x_wconf 83' lang='lat' dir='ltr'>per</span> <span class='ocrx_word' id='word_1_286' title='bbox 188 1864 266 1884; x_wconf 82' lang='lat' dir='ltr'>suam</span> <span class='ocrx_word' id='word_1_287' title='bbox 291 1863 418 1886; x_wconf 86' lang='lat' dir='ltr'>naturam</span> <span class='ocrx_word' id='word_1_288' title='bbox 447 1865 511 1894; x_wconf 87' lang='lat' dir='ltr'><em>apta</em></span> <span class='ocrx_word' id='word_1_289' title='bbox 537 1859 574 1887; x_wconf 83' lang='lat' dir='ltr'>sit</span> <span class='ocrx_word' id='word_1_290' title='bbox 598 1858 631 1886; x_wconf 90' lang='lat' dir='ltr'>ad</span> <span class='ocrx_word' id='word_1_291' title='bbox 658 1859 736 1894; x_wconf 72' lang='lat' dir='ltr'>leges</span> <span class='ocrx_word' id='word_1_292' title='bbox 761 1858 904 1892; x_wconf 83' lang='lat' dir='ltr'>generales</span> <span class='ocrx_word' id='word_1_293' title='bbox 926 1855 1160 1890; x_wconf 82' lang='lat' dir='ltr'>necessariasque</span> <span class='ocrx_word' id='word_1_294' title='bbox 1181 1854 1287 1882; x_wconf 82' lang='lat' dir='ltr'>dandas</span> <span class='ocrx_word' id='word_1_295' title='bbox 1310 1854 1393 1889; x_wconf 80' lang='lat'>(2).</span> 
     </span>
    </p>
   </div>
   <div class='ocr_carea' id='block_1_3' title="bbox 153 1902 1632 1980">
    <p class='ocr_par' dir='ltr' id='par_1_13' title="bbox 153 1902 1632 1980">
     <span class='ocr_line' id='line_1_34' title="bbox 153 1902 1627 1946; baseline -0.004 -9"><span class='ocrx_word' id='word_1_296' title='bbox 153 1907 246 1937; x_wconf 86' lang='lat' dir='ltr'>Probe</span> <span class='ocrx_word' id='word_1_297' title='bbox 272 1909 428 1938; x_wconf 76' lang='lat' dir='ltr'>notandum</span> <span class='ocrx_word' id='word_1_298' title='bbox 455 1917 520 1946; x_wconf 81' lang='lat' dir='ltr'>est,</span> <span class='ocrx_word' id='word_1_299' title='bbox 542 1916 573 1938; x_wconf 80' lang='lat' dir='ltr'>ut</span> <span class='ocrx_word' id='word_1_300' title='bbox 595 1910 657 1946; x_wconf 84' lang='lat' dir='ltr'>ipse</span> <span class='ocrx_word' id='word_1_301' title='bbox 679 1909 801 1940; x_wconf 69' lang='lat' dir='ltr'>Kantius</span> <span class='ocrx_word' id='word_1_302' title='bbox 821 1908 882 1943; x_wconf 77' lang='lat' dir='ltr'>ait,</span> <span class='ocrx_word' id='word_1_303' title='bbox 905 1927 923 1943; x_wconf 82' lang='lat'><strong>„</strong></span> <span class='ocrx_word' id='word_1_304' title='bbox 941 1907 1013 1934; x_wconf 85' lang='lat' dir='ltr'>hanc</span> <span class='ocrx_word' id='word_1_305' title='bbox 1035 1904 1275 1942; x_wconf 85' lang='lat' dir='ltr'>legumdationem</span> <span class='ocrx_word' id='word_1_306' title='bbox 1301 1903 1411 1933; x_wconf 69' lang='lat' dir='ltr'>nultum</span> <span class='ocrx_word' id='word_1_307' title='bbox 1436 1911 1499 1933; x_wconf 89' lang='lat' dir='ltr'>esse</span> <span class='ocrx_word' id='word_1_308' title='bbox 1519 1902 1627 1933; x_wconf 81' lang='lat' dir='ltr'>factum</span> 
     </span>
     <span class='ocr_line' id='line_1_35' title="bbox 1573 1960 1632 1980; baseline 0 0"><span class='ocrx_word' id='word_1_309' title='bbox 1573 1960 1632 1980; x_wconf 84' lang='lat' dir='ltr'>em-</span> 
     </span>
    </p>
   </div>
   <div class='ocr_carea' id='block_1_4' title="bbox 144 2019 1153 2104">
    <p class='ocr_par' dir='ltr' id='par_1_14' title="bbox 144 2019 1153 2104">
     <span class='ocr_line' id='line_1_36' title="bbox 144 2019 1153 2059; baseline -0.004 -10"><span class='ocrx_word' id='word_1_310' title='bbox 144 2022 180 2056; x_wconf 82' lang='lat' dir='ltr'>(r</span> <span class='ocrx_word' id='word_1_311' title='bbox 195 2026 209 2057; x_wconf 85' lang='lat'>)</span> <span class='ocrx_word' id='word_1_312' title='bbox 229 2023 294 2052; x_wconf 80' lang='lat' dir='ltr'>Crit.</span> <span class='ocrx_word' id='word_1_313' title='bbox 312 2024 384 2057; x_wconf 73' lang='lat' dir='ltr'>Mag.</span> <span class='ocrx_word' id='word_1_314' title='bbox 402 2024 453 2053; x_wconf 86' lang='lat'>111.</span> <span class='ocrx_word' id='word_1_315' title='bbox 477 2033 503 2059; x_wconf 85' lang='lat' dir='ltr'>p.</span> <span class='ocrx_word' id='word_1_316' title='bbox 519 2031 552 2058; x_wconf 82' lang='lat'>75</span> <span class='ocrx_word' id='word_1_317' title='bbox 573 2032 630 2058; x_wconf 74' lang='lat' dir='ltr'>sqq.</span> <span class='ocrx_word' id='word_1_318' title='bbox 834 2020 899 2054; x_wconf 74' lang='lat' dir='ltr'>(a)</span> <span class='ocrx_word' id='word_1_319' title='bbox 921 2019 984 2046; x_wconf 82' lang='lat' dir='ltr'>lbid.</span> <span class='ocrx_word' id='word_1_320' title='bbox 1007 2019 1028 2046; x_wconf 90' lang='lat'>1.</span> <span class='ocrx_word' id='word_1_321' title='bbox 1053 2027 1079 2052; x_wconf 88' lang='lat' dir='ltr'>p.</span> <span class='ocrx_word' id='word_1_322' title='bbox 1097 2025 1153 2052; x_wconf 78' lang='lat'><em>151.</em></span> 
     </span>
     <span class='ocr_line' id='line_1_37' title="bbox 913 2068 980 2104; baseline 0 0"><span class='ocrx_word' id='word_1_323' title='bbox 913 2068 941 2098; x_wconf 83' lang='lat' dir='ltr'>H</span> <span class='ocrx_word' id='word_1_324' title='bbox 965 2077 980 2104; x_wconf 78' lang='grc'><strong><em>3</em></strong></span> 
     </span>
    </p>
   </div>
  </div>
 </body>
</html>
