1946 2517
706 148 1096 181 ORATIO.
1594 150 1633 184 15

171 255 276 277 rerum
304 244 412 276 labore
438 241 619 285 complures
645 241 743 273 libros
769 243 1019 284 conscripsisset,
1045 247 1081 272 ut
1108 241 1301 283 optimarum
1331 242 1446 274 artium
1478 243 1546 274 vias
1569 250 1631 276 tra.

170 302 258 334 deret
282 301 407 333 civibus
433 301 521 335 suis,
545 299 636 331 hasve
650 299 909 330 lucubrationum
930 299 1027 330 veluti
1044 298 1182 329 rationes
1209 298 1329 330 reddit:
1362 321 1381 337 „
1405 298 1502 338 Quod
1525 301 1631 339 enim,

167 372 182 388 ι(
206 360 330 402 inquit,
346 368 466 389 munus
481 356 672 400 reipublicae
689 354 800 387 afferre
817 358 919 397 majus
938 355 1090 386 meliusve
1107 366 1294 397 possumus,
1311 365 1409 398 quam
1429 356 1456 386 si
1475 355 1627 387 docemus

168 429 184 445 α
206 423 302 458 atque
317 414 483 447 erudimus
499 415 700 456 juventutem
721 412 772 443 his
796 413 980 454 praesertim
998 412 1143 443 moribus
1162 423 1198 442 ac
1222 411 1422 454 temporibus
1432 410 1459 444 ’'.
1505 413 1630 454 Ergone

171 471 297 504 Consul
318 473 480 502 Romanus
504 470 587 500 hanc
604 470 781 510 juventutis
806 468 999 500 erudiendae
1025 480 1134 500 curam
1158 469 1238 500 tanti
1267 470 1463 508 aestimavit,
1486 476 1523 500 ut
1547 469 1634 501 illam

172 535 303 572 propter
327 527 471 559 utilitatis
493 527 668 558 ubertatem
694 529 828 558 summis
852 527 885 557 in
906 525 1077 569 Republica
1099 525 1287 556 muneribus
1303 528 1534 568 anteponeret?
1575 528 1638 561 ve-;

170 595 243 617 rum
266 583 380 627 quidni
402 582 516 615 faceret
537 584 563 614 is
587 584 647 626 ‘qui
672 589 740 614 tum
765 582 965 625 experiundo
994 584 1068 614 satis
1099 583 1166 626 ipse
1191 589 1401 625 cognoverat,
1426 589 1495 614 tum
1521 593 1538 613 a
1566 583 1635 614 Pla-

172 648 248 673 tone
273 651 332 672 suo
356 640 526 673 didicerat:
559 651 626 671 esse
653 640 824 671 Civitatnm
853 639 1032 671 felicitatem
1059 640 1092 670 in
1123 643 1244 682 optima
1273 639 1452 681 juventutis
1476 638 1636 670 educatio-

172 708 214 730 ne
239 704 401 740 tamquam
433 698 468 728 in
494 696 682 728 firmissimo
712 695 921 728 fundamento
944 697 1091 740 positam.
1144 696 1282 739 Dignam
1303 694 1445 739 profecto
1466 682 1569 727 'tantis
1591 696 1639 727 vi-

172 754 218 786 ris
240 753 447 786 sententiam!

219 810 305 850 Quid
330 811 417 842 enim
438 810 530 852 juvat
557 817 706 842 strenuus
730 809 818 842 bello
839 812 1017 848 exercitus,
1041 809 1120 853 quid
1140 807 1290 840 refertum
1306 807 1449 840 nummis
1464 807 1640 845 aerarium,

176 866 255 909 quid
281 876 430 909 agrorum
459 866 602 903 ubertas,
631 865 711 908 quid
746 874 941 897 mercaturae
965 865 1160 909 amplitudo,
1188 865 1267 908 quid
1301 863 1526 908 opificinarum
1553 873 1643 905 prae-

173 922 310 963 stantia,
327 922 409 960 nisi,
423 928 459 954 ut
474 933 511 953 ex
532 922 620 953 bono
637 929 777 954 semente
795 923 879 954 bona
902 925 1028 962 messis,
1044 923 1089 954 sic
1107 933 1145 953 ex
1161 922 1296 953 florente
1314 922 1484 964 juventute
1502 932 1569 952 non
1590 921 1642 951 in-

174 979 518 1010 termissa.succrescat
545 981 664 1022 patriae
688 986 886 1022 optimorum
910 981 1030 1011 civium
1050 979 1164 1021 copia,
1187 979 1244 1021 qui
1272 977 1312 1008 ad
1333 977 1574 1020 Rempublicam
1592 988 1644 1008 ae·

175 1034 343 1074 cedentes,
367 1037 477 1066 omnia
495 1036 564 1076 ejus
582 1036 751 1067 commoda
778 1037 950 1079 prudenter
971 1042 1183 1079 cognoscant.
1218 1036 1302 1076 juste
1325 1041 1522 1076 procurent,
1552 1032 1642 1065 forti-

173 1096 222 1122 ter
246 1098 417 1129 tueantur,
444 1098 476 1123 et
499 1091 668 1133 dili-genter
696 1091 820 1134 legibus
847 1094 1065 1135 institutisque
1097 1091 1291 1123 confirment
1312 1097 1407 1132 atque
1430 1089 1639 1132 amplificent.

219 1146 269 1178 Ad
294 1157 423 1178 omnem
454 1148 561 1190 itaque
591 1149 810 1190 quaestionem
842 1148 980 1179 breviter
1004 1149 1049 1179 sic
1077 1146 1248 1178 dicendum
1273 1153 1341 1178 est:
1368 1157 1435 1177 non
1463 1156 1554 1188 posse
1578 1155 1645 1176 me·

172 1203 245 1236 liori
266 1213 302 1234 ac
321 1204 421 1245 magis
448 1203 685 1245 compendiarii
711 1204 760 1235 via
788 1214 826 1235 eo
852 1204 1032 1245 perveniri,
1057 1215 1125 1246 quo
1147 1203 1301 1245 optimam
1324 1213 1488 1245 quamque
1505 1208 1536 1233 et
1559 1201 1642 1232 bene

171 1265 328 1291 moratam
357 1259 517 1290 civitatem
549 1260 743 1291 contendere
771 1267 912 1303 oportet,
955 1271 1052 1302 quam
1089 1260 1115 1290 si
1147 1260 1190 1290 ita
1214 1257 1346 1289 docetur
1374 1264 1469 1300 atque
1500 1257 1646 1288 eruditur

169 1319 346 1363 juventuti,
387 1324 423 1348 ut
452 1318 485 1349 in
515 1319 573 1349 hac
604 1325 833 1350 conserventur
863 1329 899 1350 ac
926 1322 1154 1350 consacrentur
1187 1314 1246 1346 bae
1275 1316 1360 1357 ipsae
1389 1314 1524 1345 virtutes
1556 1313 1644 1345 unde

174 1374 373 1406 honestatem
407 1384 444 1405 ac
464 1373 652 1406 felicitatem
674 1376 708 1407 in
745 1378 809 1407 vita
841 1374 928 1407 civili
961 1375 1054 1405 unice
1084 1371 1253 1416 petendam
1280 1382 1347 1402 esse
1381 1373 1648 1402 commonstravi-

175 1441 258 1462 mus.
302 1429 554 1473 Complectirnur
579 1438 685 1462 autem
724 1433 868 1462 oratione
894 1441 969 1461 cum
1005 1432 1206 1472 juventutem
1234 1428 1433 1465 universam,
1465 1433 1534 1457 tum
1557 1437 1648 1469 prae·

175 1488 284 1520 sertim
311 1486 515 1519 illustriorem
545 1487 630 1520 illam
646 1511 658 1527 ,
684 1495 721 1519 ut
742 1490 784 1519 ita
812 1489 939 1526 dicam,
968 1495 1000 1518 et
1026 1488 1129 1530 magis
1150 1486 1356 1528 conspicuam
1377 1489 1497 1527 partem
1523 1494 1605 1526 quae
1630 1494 1649 1515 a

177 1545 285 1577 tenerit
309 1543 384 1575 inde
403 1553 502 1576 aetate
531 1547 663 1588 optimis
689 1546 729 1577 iis
753 1546 876 1576 artibus
899 1556 934 1575 ac
960 1543 1138 1586 disciplinis
1163 1541 1203 1573 ad
1231 1541 1462 1572 humanitatem
1495 1539 1650 1571 informa-

178 1607 232 1633 tur
246 1624 255 1640 ,
275 1600 394 1644 quibus
424 1601 546 1639 solent,
571 1604 628 1644 qni
652 1602 825 1645 aliquando
847 1603 1032 1645 gravissima
1064 1603 1097 1632 in
1128 1601 1256 1631 civitate
1279 1608 1412 1629 munera
1433 1597 1552 1628 obituri
1573 1598 1648 1628 sint.

220 1661 268 1690 De
292 1657 393 1691 Vobis
425 1659 630 1691 Ornatissimi
651 1658 801 1691 Juvenes!
827 1661 883 1703 qui
905 1660 940 1690 in
967 1659 1073 1696 Juris,
1106 1657 1249 1688 Justitiae
1274 1657 1461 1697 Legumque
1490 1654 1649 1696 cognitio·

179 1726 253 1748 nem
279 1715 487 1753 incumbitis,
515 1722 588 1746 ante
611 1727 725 1747 omnes
749 1716 828 1747 alios
851 1715 903 1746 hic
932 1714 1037 1756 agitur
1099 1713 1224 1745 Etenim
1251 1713 1314 1744 Vos
1340 1710 1523 1754 praesertim
1553 1710 1586 1740 in
1612 1709 1651 1740 iis

180 1773 296 1805 artium
308 1772 422 1805 studiis
439 1772 667 1803 liberalissimis
680 1772 899 1814 doctrinisque
917 1769 1110 1810 versamini,
1127 1780 1209 1812 quae
1225 1779 1281 1800 sua
1295 1768 1327 1799 vi
1345 1774 1376 1798 et
1397 1768 1507 1798 natura
1520 1767 1552 1796 in
1571 1765 1651 1796 civi·

181 1828 321 1868 tatibus,
350 1836 388 1861 ut
407 1841 496 1862 nunc
511 1840 620 1861 earum
644 1827 702 1860 fert
718 1829 820 1866 ratio,
845 1828 995 1859 latissime
1011 1833 1129 1871 patent.
1154 1829 1220 1857 Vos
1237 1835 1348 1856 omnes
1364 1824 1425 1856 hoc
1444 1823 1540 1855 Vobis
1557 1821 1652 1853 habe-

181 1886 221 1916 tis
233 1888 432 1928 propositum
443 1896 593 1928 ‚eamque
609 1885 694 1916 alitis
712 1895 800 1927 εμπ]
814 1908 821 1922 ,
836 1883 924 1922 fore,
936 1891 973 1915 ut
988 1884 1123 1915 decurso
1143 1883 1205 1914 hoc
1222 1882 1368 1913 laborum
1388 1878 1652 1912 Academicorum

184 1940 366 1982 cuniculo,
388 1941 562 1987 aliquando
584 1945 620 1976 in
644 1941 716 1975 foro
739 1950 796 1975 aut
815 1945 849 1975 in
865 1944 954 1977 curia
973 1949 1028 1975 aut
1052 1943 1087 1975 in
1106 1947 1219 1974 senatu
1238 1946 1293 1972 aut
1314 1940 1349 1971 in
1374 1939 1529 1971 concione
1547 1944 1601 1969 aut
1618 1939 1652 1969 in

1599 1994 1655 2026 ali-
