1946 2517
260 163 296 198 53
608 152 731 191 JANI*
761 147 1032 180 R‘UDOLPHI
1070 154 1152 177 VAN
1193 146 1418 177 MAANEN

262 243 355 271 forare
382 237 507 269 duodeni
532 236 667 270 tunicas,
695 234 744 262 sed
771 231 858 260 simili
881 230 995 259 rati-one·
1011 237 1043 261 ae
1065 236 1130 258 cum
1154 229 1308 259 insertione
1332 236 1475 259 ureterum
1502 229 1690 271 in-'vesffissffini
1709 233 1770 262 urb.

262 293 368 323 nariam
390 300 434 320 res
453 297 516 326 est,
545 289 627 326 prius
648 284 824 322 aliquamdiu
843 291 894 319 per
916 281 1040 322 duoneni
1066 280 1180 310 tumeas
1204 280 1370 317 decurrere,
1391 289 1477 317 quam
1502 281 1530 310 in
1550 283 1681 312 duodeno
1701 291 1768 319 ape·

262 345 350 374 riatur
370 343 448 379 (a).

301 395 331 431 §.
352 401 401 429 23.
441 391 583 426 Collapso
600 389 689 425 igitur
712 393 740 416 et
764 387 864 416 clauso
887 385 963 414 dicta
987 384 1096 412 ratione
1118 383 1223 411 ductus
1243 382 1416 412 choledochi·
1431 383 1562 419 orificio,
1584 385 1697 420 quando
1715 395 1766 415 va.

262 453 347 475 cuum
364 449 407 472 est
421 442 583 471 duodenum
601 459 612 476 ‚
630 440 703 467 latex
719 437 872 473 hepaticus
888 436 1029 465 continuo
1046 434 1167 463 affluens
1193 434 1282 462 levem
1304 435 1491 464 resistentiam
1511 435 1631 465 offendit
1645 437 1679 466 ad
1695 437 1769 465 cho.

262 496 374 526 ledochi
390 494 485 523 finem.
529 491 698 528 Regurgitat
725 489 834 526 igitur,
863 494 1039 522 cursumque
1066 493 1152 514 suum
1177 485 1304 514 absolvit
1333 494 1383 521 per
1408 493 1536 522 apertum
1563 493 1673 522 etsnon
1697 487 1769 515 resi·

262 554 383 577 stentem
406 546 524 574 ductum
549 543 715 580 cysticum,
735 541 778 569 sic
798 547 900 570 versus
927 538 1068 575 cystidem
1093 536 1228 572 ducitur,
1248 535 1347 572 ibique
1372 544 1555 573 asservatur,
1577 538 1664 574 inque
1682 538 1771 568 bilem

260 598 397 636 cysticam
418 596 524 625 sensim
545 596 711 629 sensimque
733 597 870 621 mutatur.

299 652 325 687 S.
348 658 398 688 24.
440 649 485 677 Ex
503 647 548 676 his
566 654 642 675 nunc
661 644 746 673 facile
773 643 964 679 intelligitur,
993 649 1046 670 cur
1065 640 1096 669 in
1117 639 1305 669 helluonibus
1329 648 1415 675 parva
1437 646 1464 670 et
1487 640 1518 669 in
1545 640 1651 669 sobriis
1670 648 1771 677 magna

266 703 438 739 plerumque
452 696 740 734 inveniaturrcystis‘?
761 703 814 725 cur
830 701 899 731 post
914 692 1036 729 inediam
1054 700 1085 721 ea
1104 699 1188 729 quam
1203 691 1323 721 maxime
1345 690 1402 720 bile
1422 691 1553 728 turgeat?
1577 699 1605 720 et
1630 699 1681 720 cur
1703 697 1772 728 post

261 752 449 791 digestionem
470 751 519 780 illa
538 749 624 781 modo
645 747 802 785 semiplena
821 743 1015 776 observetur?

816 886 1209 902 ᾔ

639 991 910 1030 CAPUT
983 990 1388 1025 TERTIUM.

861 1114 1003 1138 moTus
1043 1114 1166 1136 ulnis.

263 1237 292 1273 3'.
303 1243 350 1272 25.
373 1194 491 1276 Quae
507 1230 667 1261 admotum
678 1229 746 1260 bilis
765 1238 846 1260 suam
861 1229 1021 1266 symbolam
1039 1227 1196 1257 conferunt
1210 1226 1284 1255 vires
1300 1226 1396 1255 variae
1405 1231 1476 1256 sunt
1486 1246 1496 1261 ‚
1510 1231 1538 1255 et
1549 1225 1642 1262 primo
1653 1225 1772 1263 quidem

263 1288 292 1315 in
309 1294 426 1314 censum
449 1285 543 1313 venire
560 1283 606 1311 hic
629 1283 701 1311 valet
727 1281 866 1310 continua
891 1279 1002 1316 hepatis
1021 1279 1140 1316 agitatio
1163 1287 1213 1315 per
1240 1279 1395 1307 continuos
1415 1278 1636 1314 diaphragmatis
1659 1286 1771 1309 motus.

263 1339 338 1368 Cum
356 1338 385 1365 in
405 1335 505 1372 hepate
530 1341 675 1363 structura
701 1321 872 1362 muscularis
903 1337 1014 1360 tantum
1041 1330 1071 1358 in
1094 1330 1208 1358 tunicas
1228 1329 1392 1358 arteriarum
1420 1337 1471 1365 per
1495 1330 1556 1366 ejus
1581 1331 1772 1358 substantiam

262 1387 471 1418 decurrentium
490 1387 679 1420 observetur,
700 1383 784 1413 facile
805 1382 996 1418 intelligitur,
1019 1381 1086 1409 bilis
1107 1383 1297 1408 excretionem
1318 1379 1477 1414 difficilem,
1500 1379 1562 1416 ejus
1588 1381 1772 1408 secretionem

263 1447 350 1476 parva
368 1445 446 1466 tanta
463 1438 546 1473 copia
563 1441 591 1465 et
608 1435 825 1465 obstructiones
840 1431 1048 1468 frequentiores
1064 1430 1147 1466 fore,
1168 1432 1226 1460 nisi
1242 1431 1402 1459 continuus
1421 1429 1646 1465 diaphragmatis
1672 1436 1772 1459 motus

264 1489 344 1518 etiam
365 1489 476 1525 hepatis
497 1488 679 1524 agitationem
701 1491 874 1515 sustentaret
895 1483 978 1521 (b).

301 1543 327 1578 S.
350 1543 400 1570 26.
443 1541 484 1569 De
503 1541 564 1576 ipsa
582 1539 707 1569 vesicula
728 1537 809 1567 fellea
823 1558 834 1574 ,
854 1544 934 1565 antea
960 1536 1016 1573 jam
1036 1534 1181 1570 vidimus3
1211 1534 1240 1562 in
1271 1533 1317 1562 illa
1343 1539 1472 1561 moratur
1490 1531 1557 1561 bilis
1575 1532 1687 1569 cystica
1702 1538 1774 1562 tam·

265 1601 347 1628 quam
370 1593 399 1621 in
413 1591 614 1627 receptaculo,
636 1597 730 1626 usque
748 1590 816 1618 dum
838 1597 909 1618 suos
930 1589 960 1617 in
978 1597 1070 1624 usus,
1091 1589 1156 1617 dein
1173 1586 1376 1617 describendos
1390 1607 1399 1621 ,
1424 1593 1456 1614 ex
1477 1584 1580 1612 declivi
1597 1583 1773 1620 directione,

267 1645 403 1673 reclinato
417 1652 518 1679 nempe
535 1651 562 1671 et
578 1643 687 1678 supino
705 1634 845 1679 corpore,
872 1648 978 1678 sponte
995 1649 1044 1670 sua
1064 1641 1210 1674 elabatur,
1231 1644 1281 1666 aut
1302 1636 1451 1674 pressione
1475 1635 1561 1664 vicini
1586 1634 1714 1664 intestini
1731 1635 1774 1672 je·

263 1697 346 1732 juni,
367 1703 402 1723 ae
419 1695 481 1730 ilei,
505 1702 555 1723 nec
576 1702 635 1723 non
656 1693 714 1722 coli
735 1693 914 1729 transversi,
936 1701 1102 1724 excernatur
1124 1694 1198 1731 (c).

305 1747 333 1781 §.
357 1757 405 1782 27·
445 1747 586 1775 Praeterea
610 1754 699 1780 vero,
728 1747 843 1781 quando
866 1747 1043 1776 ventriculus
1072 1746 1139 1774 cibo
1159 1744 1284 1781 repletus
1304 1747 1418 1779 turget,
1440 1740 1513 1769 situs
1542 1740 1603 1776 ejus
1629 1745 1778 1775 mutatur,

268 1799 310 1827 sie
328 1806 358 1826 ut
378 1797 497 1826 maxima
517 1798 579 1834 ejus
596 1804 747 1826 curvatura
773 1805 850 1826 nunc
871 1804 1033 1827 anti-orsum
1063 1803 1192 1834 spectet3
1215 1802 1241 1824 et
1261 1795 1296 1824 ab
1316 1794 1370 1823 hoc
1396 1799 1507 1822 mutato
1523 1792 1675 1821 ventriculi
1693 1793 1751 1821 situ
1764 1811 1776 1826 ,

1739 1851 1780 1872 st-

295 1933 346 1960 (*Ἷ
373 1933 409 1954 Cf·
430 1933 533 1957 Fm‘m·
550 1932 590 1954 ΙΝ·
609 1931 649 1953 θ”ἲι
844 1931 895 1960 (b)
919 1931 954 1953 Cf.
971 1931 1098 1958 Brrgman.¹
1112 1931 1174 1958 Dg'u.
1189 1912 1215 1950 dc
1231 1929 1287 1956 Hcp.
1304 1935 1325 1955 pl
1343 1932 1376 1952 ῐς.

296 1973 347 2003 (⁶)
369 1975 407 1997 Cs—
422 1973 570 1996 Blssmmbssh
581 1989 589 2002 ‚
609 1973 666 1997 1⁶5¹·
681 1971 746 2000 ΡῘΨ.
763 1972 787 2003 §-
802 1972 852 2000 330.
883 1973 920 1997 cf.
935 1974 1060 2001 sauro-roy,
1074 1974 1130 2002 Syn,
1146 1971 1219 1995 Cht'u.
1235 1971 1264 1994 T.
1279 1975 1299 1995 5.
1317 1975 1340 1997 p.
1357 1973 1408 1996 347.
