1946 2517
697 153 1079 188 ORATIO.
1597 170 1618 202 9

148 254 289 287 fectuum
311 251 444 284 minime
471 250 673 295 vulgarium,
695 257 726 282 et
757 250 963 293 philosophae
987 252 1104 295 pariter
1127 263 1162 283 ae
1186 251 1353 284 historicae
1371 253 1518 284 scientiae
1541 264 1610 296 spe-

149 311 286 342 cimina:
312 316 416 341 tamen
442 320 549 352 neque
572 320 590 339 a
615 319 665 339 me
688 308 856 349 impetrare
877 319 1027 350 possum,
1055 319 1158 351 neque
1191 309 1287 340 Vobis
1313 309 1434 352 placere
1456 317 1549 350 puto,
1574 316 1611 339 ut

147 365 188 396 de
209 364 335 408 publica
361 364 546 396 Academiae
567 363 764 395 Bibliotheca
785 363 847 394 hoc
869 363 1000 406 quidem
1025 364 1096 395 loco
1123 372 1251 397 taceam.
1297 367 1405 405 Quae,
1431 371 1466 395 ut
1486 364 1612 406 elegan-

148 422 212 452 tius
241 428 272 452 et
305 420 520 464 splendidius,
553 431 619 463 quo
649 425 891 456 contineretur,
927 418 1108 451 aedificium
1141 427 1252 458 nacta,
1292 428 1322 451 et
1353 421 1447 462 longe
1474 421 1611 463 aptiore,

149 488 245 520 quam
269 477 368 516 olim,
393 478 515 508 ratione
536 476 689 507 collocata
714 482 745 506 et
769 474 944 517 disposita,
975 476 1021 506 sic
1045 476 1138 506 novis
1167 476 1292 515 denuo,
1329 478 1430 519 iisque
1453 477 1612 518 pretiosis-

148 535 256 572 simis,
286 533 519 565 accessionibus
547 532 736 574 locupletata
763 537 795 562 et
817 535 930 560 ornata
956 538 1012 563 est.
1059 533 1138 563 Nam
1162 539 1193 563 et
1220 533 1334 575 optimi
1361 534 1479 564 REGIS
1505 535 1611 563 muni-

149 593 292 631 ficentia,
315 600 345 624 et
371 595 522 625 Virorum
538 595 715 624 Doctorum
745 597 840 633 atque
864 589 1070 621 Eruditarum
1097 589 1287 619 Societatum
1317 588 1427 627 donis,
1450 596 1481 620 et
1510 589 1613 631 legato

148 650 218 681 Viri
240 649 456 692 Amplissimi,
475 651 658 681 Joisstuls
681 659 722 680 ιΝ
748 659 794 679 DE
817 660 1008 687 aeronw,
1031 647 1096 679 fato
1113 646 1214 679 functi
1231 647 1282 678 die
1300 648 1454 688 vigesimo
1479 649 1613 678 Novem·

149 708 216 740 bris
243 711 320 740 anni
352 707 599 751 praeterlapsum
638 709 784 750 proxime
821 706 1013 749 antegressi;
1045 704 1163 735 horum
1191 704 1289 746 igitur
1326 704 1472 734 omnium
1500 703 1612 734 libera-

147 765 235 796 litate
261 764 408 796 effectum
433 771 501 803 est,
533 774 569 795 ut
597 770 628 794 et
659 763 717 794 hac
739 771 826 806 parte
851 770 977 796 nostrae
1007 762 1175 803 insigniter
1199 761 1355 791 creverint
1381 760 1520 792 divitiae.
1567 762 1615 792 Ne

150 832 227 853 vero
261 821 301 852 de
337 820 473 863 singulis
505 820 641 851 dicendo
677 820 828 851 molestus
863 819 964 852 Vobis
992 818 1076 856 sim,
1110 819 1146 848 A.
1180 818 1237 853 A.,
1272 816 1304 847 id
1329 827 1431 847 unum
1460 816 1614 847 duntaxat:

150 875 425 914 commemorabo,
464 876 677 919 Amplissimi,
714 887 811 919 quem
846 876 930 913 dixi,
960 875 1030 906 Viri
1056 884 1217 917 propenso
1240 874 1274 904 in
1303 872 1524 911 Academiam,
1559 884 1613 903 cu-

147 933 200 975 jus
223 932 300 964 olim
323 933 403 964 civis
428 932 552 971 fuerat,
578 944 637 964 nec
664 934 850 964 memoriam
875 941 1020 975 unquam
1039 929 1090 962 vel
1114 928 1268 970 abjecerat
1286 928 1336 960 vel
1353 928 1521 967 amiserat,
1544 929 1612 959 ani·

144 999 201 1020 mo
219 987 333 1020 debere
357 999 417 1020 nos
432 988 660 1027 classicorum,
683 989 741 1032 qui
764 989 871 1020 vocari
889 988 1012 1026 solent,
1035 987 1234 1030 Scriptorum
1255 992 1286 1017 et
1304 985 1468 1017 Editiones
1491 984 1616 1027 aliquot:

147 1045 285 1076 rariores
308 1052 340 1077 et
364 1046 542 1088 principes,
563 1052 594 1077 et
610 1045 757 1085 Codices,
782 1057 881 1077 manu
907 1051 1070 1082 exartum,
1095 1043 1283 1085 antiquitate
1301 1053 1367 1073 non
1383 1042 1491 1072 minus
1516 1051 1614 1083 quam

148 1096 290 1132 externo
307 1102 412 1133 nitore
438 1101 717 1134 commendabiles.
762 1104 800 1132 In
827 1101 877 1132 his
906 1108 954 1132 est
979 1109 1118 1131 onusti
1140 1098 1272 1136 Codex,
1294 1108 1411 1140 quem,
1433 1097 1521 1140 quod
1545 1108 1612 1128 me·

147 1157 302 1188 motabile
335 1158 494 1200 imprimis
518 1164 585 1197 est,
619 1169 692 1189 cum
723 1157 851 1200 juvenis
874 1156 1048 1187 admodum
1078 1162 1211 1193 nactuS‚
1246 1153 1384 1185 necdum
1407 1164 1483 1184 vero
1510 1154 1612 1196 pretio

146 1215 337 1252 aestimans,
370 1215 482 1256 quanti
509 1213 672 1244 faciendus
691 1219 789 1252 esset,
820 1223 838 1244 a
868 1223 1022 1244 sticoBo
1045 1220 1284 1247 GRONOV10‚
1310 1209 1466 1251 Leydensi
1493 1209 1610 1240 Biblio-

144 1269 254 1301 thecae
276 1275 343 1300 tum
374 1271 525 1314 temporis
552 1269 729 1313 praefecto,
753 1269 886 1301 edoctus
905 1270 1129 1307 intellexisset,
1153 1270 1216 1310 jam
1236 1274 1306 1299 tum
1330 1273 1440 1297 nostro
1458 1264 1613 1296 Codicum

146 1325 297 1357 thesauro
311 1325 485 1369 aliquando
501 1325 682 1358 addendum
701 1326 851 1359 decrevit.
875 1328 974 1368 Cujus
990 1327 1080 1365 Viri,
1104 1332 1135 1357 et
1148 1333 1319 1358 munerum
1329 1346 1337 1358 ‚
1350 1321 1468 1364 quibus
1483 1320 1612 1351 functus

146 1389 214 1422 est,
237 1382 419 1425 splendore,
434 1389 465 1414 et
483 1383 629 1426 scriptis,
649 1382 689 1414 de
708 1382 863 1426 singulari
878 1382 1073 1421 eruditione,
1090 1382 1196 1413 omnis
1214 1379 1397 1423 praesertim
1414 1378 1613 1420 antiquitatis

148 1439 278 1471 scientia
293 1462 304 1477 ‚
337 1439 544 1477 testantibus,
569 1437 766 1470 celeberrimi
792 1438 1010 1470 liberalitatem
1035 1439 1113 1470 dum
1135 1437 1330 1469 celebramus
1355 1434 1487 1476 aliisque
1515 1443 1613 1476 quam

147 1494 296 1538 plurimis
316 1493 355 1525 ad
374 1494 565 1526 imitandum
587 1496 822 1538 proponimus,
847 1505 906 1526 nec
932 1501 1043 1533 tuam,
1067 1494 1278 1526 Celeberrime
1305 1488 1502 1523 voonsril
1528 1488 1617 1520 inde-

147 1549 260 1582 fessam
276 1551 308 1581 in
324 1549 465 1581 curanda
485 1557 516 1582 et
534 1550 654 1581 utiliter
673 1551 872 1593 disponenda
890 1550 1083 1582 Bibliotheca
1100 1550 1288 1594 industriam
1313 1549 1374 1579 hoc
1393 1547 1463 1578 loco
1485 1545 1614 1577 silentio

147 1605 411 1638 dissimulandam
423 1613 593 1649 putamus,
607 1618 688 1650 qua,
706 1615 741 1638 ut
759 1607 820 1639 hoc
838 1611 903 1650 J'am
925 1608 1037 1640 lucrati
1052 1619 1184 1646 sumus,
1207 1606 1295 1649 quod
1313 1616 1377 1637 non
1397 1614 1496 1648 pauca
1513 1602 1616 1642 κειμή-

147 1669 219 1701 λια,
241 1673 323 1705 quae
345 1663 384 1693 ad
405 1670 546 1694 nostram
567 1675 669 1707 usque
695 1666 878 1696 memoriam
907 1665 958 1696 vel
987 1665 1056 1696 aliis
1079 1670 1183 1695 assuta
1213 1662 1302 1694 libris
1326 1660 1534 1698 delituerant,
1564 1658 1616 1690 vel

150 1726 301 1761 tanquam
320 1718 441 1750 nullius
461 1721 553 1762 pretii
568 1721 778 1763 quisquiliae,
804 1723 836 1752 in
853 1722 1006 1765 angulum
1023 1722 1159 1764 aliquem
1171 1719 1360 1756 obscurum,
1384 1716 1490 1748 blattis
1507 1716 1614 1746 tineis-

152 1786 214 1818 que
233 1775 411 1806 devoranda
432 1775 557 1807 fuerant.
577 1776 715 1818 abjecta,
740 1780 773 1810 in
791 1778 893 1810 lucem
915 1791 974 1822 pro
990 1779 1110 1810 meritis
1128 1782 1285 1820 protracta
1308 1780 1400 1811 sunt,
1426 1773 1510 1803 itaet
1529 1771 1616 1803 brevi

154 1831 233 1862 illud
249 1830 478 1871 obtinebimus,
489 1839 524 1863 ut
538 1840 661 1871 tantus,
680 1841 742 1865 tam
755 1846 867 1878 parum
885 1835 989 1866 adhuc
1005 1841 1088 1870 recte
1098 1834 1258 1876 cognitus,
1271 1829 1613 1874 praestantissimorum

154 1886 310 1918 librorum
346 1888 532 1928 thesaurus,
557 1896 588 1921 et
616 1890 718 1922 multo
747 1895 864 1934 magis,
894 1902 990 1935 quam
1016 1897 1125 1927 autea,
1158 1887 1347 1931 adjuvandis
1372 1887 1611 1923 Virorumllh-

155 1949 280 1974 ctorum
297 1943 519 1988 juvenumque
534 1946 648 1979 studiis
674 1947 844 1987 inserviat,
868 1959 926 1980 nec
952 1948 1148 1991 peregrinis,
1179 1945 1218 1977 ad
1242 1956 1317 1977 eum
1340 1941 1506 1976 visendum
1527 1949 1617 1972 uten-

956 2006 979 2034 Β
1530 1997 1622 2028 duni-
