1946 2517
320 167 541 204 RESPONSIO
562 179 604 202 An
625 166 926 208 QUAESTIONEM
935 164 1188 200 ffrHEOLOGIc
1195 170 1266 202 AM.
1512 174 1547 208 ας
1556 175 1569 195 ⁴2

43 250 246 296 sum‚'eorum
270 247 430 286 Dominum
458 260 485 283 et
510 254 669 289 Principem
690 253 770 289 (ι’).
818 251 966 287 Tanquam
993 252 1056 281 hac'
1073 252 1211 289 dignitate
1235 248 1355 281 ornatus
1380 251 1485 281 dicitur
1503 252 1549 290 Je-

42 323 94 344 sus
113 313 207 342 varios
225 311 424 339 ministrorum
450 307 723 337 Ecclesiasticorum
750 304 864 333 ordines
887 304 1079 332 constituisse
1100 304 1188 341 (2),
1212 304 1420 339 promisitque,
1441 311 1472 331 se
1490 303 1547 338 iis,

43 364 94 401 qui
116 371 230 393 causam
260 361 354 398 ipsius
383 361 504 389 tutaturi
526 365 554 388 et
579 357 762 394 propagaturi
787 361 882 384 essent
911 363 1021 391 semper
1046 355 1211 384 adfuturum
1226 376 1236 390 ‚
1258 357 1320 384 sive
1342 355 1438 384 divina
1458 355 1486 383 vi
1510 355 1547 383 iis

41 421 124 451 opem
151 415 275 442 laturum
301 420 384 447 esse,
404 411 516 441 Matth.
535 408 676 439 XXVIiI:
700 416 748 437 20.
791 406 965 443 Intelligitur
991 406 1057 435 hinc
1076 415 1193 442 quoque
1210 407 1366 436 auctoritas
1390 414 1417 435 et
1434 406 1565 443 justitia-

39 465 141 504 judicii
172 470 273 501 postea
301 472 356 500 pro
383 463 493 492 ratione
522 469 577 498 qua
600 468 714 490 munere
740 459 814 489 sacri
840 458 935 487 functi
963 457 1087 493 fuerint,
1109 458 1144 486 de
1169 458 1205 487 iis
1231 457 1361 493 ferendi,
1383 465 1440 493 qua
1461 457 1496 485 de
1521 463 1551 485 re

40 518 72 546 in
91 517 147 545 hoc
168 516 235 552 ipso
256 521 394 544 contextu
415 514 447 543 fit
467 513 587 542 mentio.
971 516 973 519 ·
1216 535 1219 537 ,

63 568 218 596 'intactam
249 566 331 594 etiam
362 565 409 593 hic
436 564 595 600 relinquere
625 571 684 592 non
715 569 873 599 possumus
907 568 1068 597 perversam
1095 568 1192 589 eorum
1221 569 1253 589 ex
1278 566 1378 590 nostra
1408 559 1550 590 sententia

42 616 229 652 opinionem,
261 615 312 652 qui
334 614 504 652 perhibent,
534 614 693 651 Episcopov
706 615 817 643 cuidam
841 614 967 642 humano
989 613 1051 642 sive
1075 611 1210 641 Pontifici
1237 619 1399 647 supremam
1426 619 1554 647 potesta·

41 673 98 696 tem
124 667 154 696 in
181 673 307 696 caeteros
337 666 411 695 sacri
440 666 567 695 muneris
593 667 756 706 antistites,
787 671 818 692 ut
841 664 869 692 in
897 672 954 691 rem
980 663 1173 692 Christianam
1201 663 1362 690 universam
1389 669 1553 698 competere

40 726 161 755 eamque
193 718 230 747 ab
256 718 352 755 ipsius
374 718 445 756 Jesu
474 718 625 747 voluntate
651 723 678 746 et
713 716 853 745 mandatis
883 713 970 752 repeti
1001 715 1101 743 debere
1130 715 1330 749 contendunt,
1360 713 1410 748 qui
1438 713 1566 748 quidem¹

41 770 190 805 Apostolo
216 770 300 798 Petro
326 770 451 806 primum
477 770 550 798 hanc
569 776 741 805 potestatem
766 767 893 802 dederit,
914 767 999 802 cujus
1027 772 1210 796 successores
1229 766 1362 800 deinceps
1387 772 1437 800 per
1457 764 1570 793 omnia)

43 819 162 849 Saecula
191 820 353 850 exstiterint
386 823 481 849 eadem
510 821 681 849 auctoritate
712 820 827 849 muniti.
857 835 896 841 -
921 816 1027 845 Missis
1060 825 1137 845 nunc
1168 817 1232 844 aliis
1267 815 1442 852 argumentis
1481 822 1554 851 quae

40 872 116 901 hanc
147 871 311 907 opinionem
343 879 507 908 respuunt,
538 871 716 907 quaestionis
740 870 906 906 propositae
939 869 1076 897 rationem
1114 867 1240 904 flagitare
1271 868 1492 902 existimamus,
1520 872 1568 895 ut·v

42 924 228 952 ostendamus
255 924 303 953 hic
329 924 401 960 quid
425 932 460 953 ex
491 923 632 953 sententia
656 923 751 959 ipsius
773 920 848 951 Petri
875 921 904 949 in
932 920 1000 948 loco
1023 919 1059 948 ad
1094 918 1292 954 explicandum
1321 917 1475 954 proposito
1499 917 1553 946 hac

42 974 77 1003 de
95 982 124 1002 re
143 975 327 1003 statuendum
356 974 407 1003 sit.
423 977 426 982 '

80 1027 119 1055 Et
137 1024 265 1064 primum
291 1026 406 1062 quidem
432 1025 481 1055 hic
506 1026 786 1055 animadvertendum
812 1031 946 1062 putamus
975 1022 1093 1050 titulum
1119 1023 1166 1052 τοῦ
1198 1021 1404 1058 dmm-omboes
1434 1026 1493 1056 ‘1¹¹0
1520 1017 1556 1048 δᾶ

38 1076 137 1114 Jesum
163 1077 257 1105 solnm
285 1064 478 1113 principatum
502 1083 530 1105 et
556 1077 707 1112 imperium
735 1076 764 1104 in
793 1077 954 1104 universam
984 1073 1078 1109 ipsius
1100 1072 1258 1101 Ecclesia-m
1283 1072 1385 1100 deferri
1406 1077 1435 1100 et
1461 1070 1563 1100 omni-'

41 1135 82 1155 no
106 1127 262 1163 declarari,
284 1135 382 1155 omnes
408 1128 433 1156 ei
458 1126 516 1156 soli
542 1128 691 1163 subjectos
718 1135 779 1155 esse
807 1126 958 1154 Ecclesiae
978 1130 1006 1152 et
1030 1130 1123 1151 rerum
1153 1123 1434 1151 Ecclesiasticarum·
1450 1125 1567 1157 procu-i

41 1184 171 1211 ratores,
192 1186 226 1206 ex
252 1186 337 1213 supra
364 1177 472 1207 notatis
495 1178 581 1206 nobis
608 1177 792 1206 manifestum
822 1184 886 1204 esse
908 1176 1023 1204 videtur
1049 1181 1077 1204 et
1105 1174 1248 1209 imprimis
1279 1174 1467 1202 confirmatur
1491 1174 1568 1202 col-*

42 1229 150 1257 latione
180 1227 310 1255 locorum
332 1228 412 1264 Eph.
431 1229 464 1258 1:
487 1237 547 1265 20,
570 1238 606 1258 22
620 1250 631 1265 ,
652 1237 700 1266 23.
728 1227 798 1256 Col.
820 1228 854 1256 1:
882 1229 926 1257 18.
959 1226 1048 1256 Hebr.
1070 1226 1163 1255 XIII:
1182 1234 1218 1253 20
1247 1231 1275 1253 et
1295 1225 1438 1253 dictorum
1460 1221 1556 1261 ipsius

34 1279 105 1318 Jesu
121 1279 205 1318 Joan.
226 1278 271 1308 Xx
295 1287 343 1316 32.

79 1330 194 1359 Deinde
212 1334 315 1359 notatu
340 1330 458 1367 dignum
481 1331 678 1360 existimamus
692 1351 703 1365 ‚
724 1330 834 1359 nullam
858 1329 906 1358 hic
932 1338 948 1357 a
975 1328 1060 1357 Petro
1083 1327 1188 1356 factam
1212 1335 1274 1356 esse
1299 1327 1474 1356 mentionem
1495 1327 1566 1364 dig—-

40 1379 139 1412 nitatis
165 1381 243 1410 illins
276 1390 445 1418 supremae,
476 1382 587 1417 qualem
619 1390 634 1410 a
660 1381 729 1419 Jesu
767 1372 915 1415 accepisse
942 1380 1076 1409 creditur.
1126 1379 1289 1407 Commode
1310 1384 1385 1407 certe
1412 1379 1440 1406 id
1468 1376 1569 1407 facere*

39 1433 209 1470 potuisset,
230 1441 297 1460 cum
317 1433 346 1461 in
374 1431 502 1462 muneris
521 1433 594 1461 sacri
622 1432 731 1461 ratione
758 1431 908 1468 diiigenter
928 1432 1096 1467 exponenda
1121 1434 1281 1460 versaretur
1303 1436 1390 1464 atque
1413 1430 1440 1456 id
1466 1429 1559 1457 facere

41 1483 177 1513 debuisse
203 1485 313 1512 censeri
337 1483 453 1520 possit,
475 1484 500 1512 si
525 1483 576 1512 hac
605 1484 640 1511 de
669 1491 698 1511 re
719 1474 776 1519 ipsi
801 1490 972 1518 persuasum
999 1481 1123 1517 fuisset,
1144 1489 1209 1509 cum
1237 1481 1265 1508 id
1288 1480 1420 1508 studiose
1443 1480 1569 1516 ageret,⁴

42 1540 77 1562 ut
101 1535 272 1570 singuiarein
299 1535 355 1562 vim
380 1541 408 1562 et
433 1533 583 1563 efficaciam
610 1535 672 1563 suis
694 1533 854 1570 praeceptis
878 1533 1011 1568 adderet,
1033 1540 1092 1568 quo
1120 1531 1244 1560 consilio
1267 1530 1351 1559 etiam
1383 1531 1555 1559 mentionem

43 1583 142 1613 fecerit
170 1584 289 1614 honoris
314 1584 447 1620 religiosa
470 1593 566 1614 eornm
594 1585 795 1614 observatione
818 1583 1034 1619 consequendi,
1056 1583 1104 1612 sed
1123 1591 1158 1611 ne
1180 1583 1296 1611 verbum
1318 1581 1431 1616 quidem
1453 1583 1487 1610 de
1504 1583 1556 1611 hac

41 1635 91 1664 tali
118 1641 145 1663 et
171 1641 248 1663 tanta
275 1634 330 1662 sibi
356 1635 447 1663 delata
473 1635 643 1664 auctoritate
669 1635 773 1673 adjecit
797 1642 824 1663 et
849 1642 905 1664 tam
932 1636 1016 1671 longe
1042 1635 1076 1663 ab
1105 1643 1135 1662 ea
1163 1634 1347 1670 praedicanda
1380 1633 1493 1669 abfuit,
1522 1640 1556 1664 ut

42 1695 58 1716 e
75 1686 218 1715 contrario
239 1687 482 1726 σᾳμπρεσβῦτεραν
505 1695 536 1714 se
551 1686 729 1722 nominaret,
753 1693 886 1722 tanquam
911 1686 1046 1715 omnibns
1068 1686 1211 1714 Ecclesiae
1228 1684 1379 1721 praefectis
1397 1693 1502 1720 pai-em.
1520 1700 1556 1710 ..-

43 1739 145 1773 ltaque
169 1737 270 1766 Petrus
299 1737 324 1766 si
349 1746 403 1772 qna
430 1738 535 1766 ratione
563 1746 628 1773 prae
654 1737 772 1766 caeteris
792 1738 938 1766 Ecclesiae
964 1728 1107 1766 ministris
1124 1738 1185 1765 sive
1202 1734 1276 1772 ipsis
1298 1735 1381 1764 etiam
1401 1737 1565 1772 Apostoli&

42 1787 161 1824 reliquis
188 1788 328 1822 eminuit,
358 1787 490 1823 profecto
519 1790 590 1817 hanc
617 1788 812 1817 excellentiam
839 1789 956 1816 minime
977 1787 1095 1824 jactavit
1125 1795 1219 1823 neque
1241 1788 1275 1814 ab
1311 1788 1376 1816 aliis
1404 1788 1559 1824 praedicari

44 1839 162 1875 voluit,
184 1839 240 1867 imo
268 1846 336 1867 vcro
365 1838 504 1874 singuiari
526 1838 626 1875 potius
654 1838 796 1867 modestia
824 1840 869 1868 vel
891 1839 998 1868 infimis
1025 1838 1201 1874 aequiparari
1224 1838 1331 1868 voluit.

91 1899 93 1901 '
1499 1890 1559 1919 De·

77 1951 92 1986 (
108 1952 145 1986 ι)
167 1954 223 1978 Λα.
245 1953 271 1978 1:
286 1960 326 1985 24.
346 1955 423 1985 κύριε
443 1954 507 1978 enim
523 1953 553 1979 de
569 1954 628 1988 Jesu
648 1954 752 1980 Christo
766 1955 941 1987 accipiendum
957 1960 1009 1980 cssc
1021 1971 1028 1985 ,
1048 1959 1149 1985 apparet
1165 1960 1197 1978 ex
1216 1953 1330 1979 universa
1347 1953 1466 1980 orationis
1483 1956 1558 1984 serie.

77 1997 142 2032 (α)
162 1999 231 2032 Epir.
250 1998 302 2024 AVa
324 2007 350 2025 ιι
373 2001 526 2032 caeterisque
545 2001 612 2026 locis
632 2008 706 2034 supra
726 2001 821 2028 citatis.
