1946 2517
294 212 330 235 12
687 186 1425 225 1{.P.1'›21<ANTER

301 285 445 322 significet
462 282 634 312 vocabulum
657 279 912 317 συμπρεσβύτερος,
937 268 1141 310 unusquisque
1167 272 1251 302 facile
1277 273 1430 310 intelligit,
1459 274 1514 303 etsi
1539 273 1568 303 in
1587 273 1627 304 N.
1645 274 1685 305 Τ.
1708 263 1803 312 scrita·

290 338 340 366 *tis
367 345 426 365 non
447 336 502 364 nisi
532 335 561 364 h.
581 335 600 362 l.
622 332 786 368 reperiatur.
833 329 977 357 Nimirum
999 324 1211 361 apertissimum
1239 331 1302 360 est,
1324 325 1497 354 vocabulum
1520 333 1584 355 esse
1609 319 1802 362 compositum

306 397 339 417 ex
367 395 497 423 praepos,
518 387 566 416 σὺν
586 390 613 412 et
637 382 753 412 nomine
773 381 962 418 πρεσβύτερος.
1012 375 1081 413 Quo
1107 383 1174 404 vero
1200 384 1285 404 sensu
1311 376 1358 405 liic
1386 377 1515 412 positum
1548 377 1604 412 sit,
1634 377 1725 413 magis
1747 373 1806 405 dis-

302 439 430 467 sentiunt
456 437 635 471 interpretes.
676 433 750 461 Sunt
775 431 871 465 enim,
895 429 945 465 qui
972 434 1124 462 statuant,
1144 427 1255 455 Petrum
1284 428 1339 456 hoc
1362 427 1493 456 adhibito
1513 428 1655 456 vocabulo
1680 428 1716 456 ad
1733 434 1808 457 aeta·

307 497 362 519 tem
382 497 491 518 tantum
511 486 691 522 respexisse,
711 485 740 512 in
761 490 883 519 quorum
902 488 1042 514 numero,
1058 479 1215 515 'praeeunte
1234 479 1378 514 Bcnsono,
1400 485 1442 506 est
1461 479 1543 507 etiarn
1565 478 1708 510 Gablerus
1729 466 1808 518 (55,

308 543 347 570 At
369 546 521 569 contextus
547 538 616 566 satis
643 537 747 571 docet,
777 534 822 563 hic
849 540 905 562 non
931 533 965 560 de
985 537 1092 565 aetate,
1119 530 1167 558 sed
1194 530 1311 558 omnino
1336 530 1370 558 de
1395 538 1509 558 munere
1533 530 1600 567 agi3
1623 532 1671 560 alii
1696 540 1730 560 ex
1757 518 1811 561 hag:

293 591 433 621 -formula
457 589 660 623 concludunt,
686 593 815 622 tempore
840 583 1051 620 Apostolorum
1077 581 1204 610 nondum
1230 582 1315 609 certis
1339 582 1445 610 finibus
1471 582 1690 619 circumscripta
1719 571 1811 612 fuisse

297 652 425 673 *munera
450 640 672 673 Ecclesiastica‚
693 645 759 666 cum
784 636 884 665 Petrus
910 633 983 662 nulli
1005 639 1095 661 certae
1117 632 1264 661 Ecclesiae
1290 633 1465 668 adstrictus,
1494 642 1526 662 se
1548 634 1610 670 ipse
1634 633 1813 671 συμπρεσβιῖ·

294 705 376 731 τερον
401 693 515 722 dixerit.
553 691 651 729 Quam
672 689 787 725 quidem
806 685 976 715 sententiam
1003 684 1078 712 haud
1097 683 1272 719 probandam
1290 692 1352 712 esse
1369 684 1558 720 arbitramur,
1578 693 1644 713 cum
1663 693 1696 713 ex
1718 685 1759 714 N.
1775 684 1810 713 F.

296 746 425 782 scriptis
449 745 519 773 satis
542 748 676 776 constet,
703 742 759 778 jam
784 738 994 774 Apostolorum
1025 741 1113 763 aetate
1138 735 1177 762 ita
1201 733 1349 763 definitum
1372 734 1464 763 fixisse
1487 735 1722 772 Presbyter-orum
1748 744 1813 764 uiu-

307 806 382 833 nus,
403 805 436 826 ut
459 796 493 824 ab
516 804 549 824 eo
580 799 755 822 caeterorum
783 788 929 819 Ecclesiae
960 787 1158 816 ministrorum
1188 786 1259 814 satis
1282 782 1422 822 distingui
1446 791 1558 821 posset.
1596 786 1738 822 Equidem
1759 795 1815 823 po.

298 848 368 876 ›tius
387 847 572 881 crediderim,
591 844 705 873 Petrum
731 836 786 871 hoc
810 848 898 870 sensu
926 843 1014 868 semet
1035 837 1267 875 συμπρεσβύτερσν
1291 845 1412 872 vocare,
1433 827 1512 872 quod
1533 844 1623 872 aeque
1643 843 1730 872 atque
1749 835 1814 875 illi,

307 899 358 934 qui
385 898 484 927 eximie
511 897 671 925 dicerentur
699 892 883 929 Presbyteri,
911 895 1072 920 versaretur
1108 889 1137 918 in
1172 889 1325 925 Religione
1354 888 1520 917 Christiana
1544 888 1687 917 edocenda
1719 889 1816 925 iisque

308 949 604 983 moderandis‚'quae
629 946 662 974 ad
683 950 824 974 externam
846 942 996 971 Ecclesiae
1017 940 1202 976 disciplinam
1230 946 1402 976 specta-rent.
1443 937 1553 967 Eodem
1577 947 1664 968 sensu
1686 939 1813 976 Impera·

308 1007 384 1029 tores
409 998 533 1028 Romani
558 992 661 1025 inilites
687 995 888 1025 commilitones
912 994 1073 1028 vocabant,
1096 1000 1171 1021 certe
1194 1000 1273 1026 non,
1308 992 1387 1027 quod
1410 999 1508 1019 eorum
1531 999 1637 1019 munus
1660 999 1718 1020 non
1742 991 1818 1020 satis

309 1060 386 1081 esset
410 1049 662 1086 circumscriptum
696 1054 723 1075 et
748 1055 763 1075 a
793 1054 909 1075 munere
936 1052 1114 1074 caeterorum
1143 1043 1266 1072 militum
1294 1042 1484 1076 distinctum,
1515 1042 1588 1075 sed,
1619 1042 1698 1077 quod
1724 1049 1814 1076 aeque

307 1109 394 1137 atque
415 1102 456 1130 illi
482 1109 557 1130 arma
581 1105 707 1135 gererent
725 1099 761 1127 a'd
782 1097 979 1126 auctoritatem
999 1097 1092 1132 legum
1114 1101 1140 1124 et
1165 1094 1271 1123 civium
1297 1091 1532 1128 tranquillitatem
1554 1091 1721 1127 tutandam,
1748 1091 1819 1121 hos-

307 1159 408 1188 tesque
430 1152 624 1182 debellandos.

346 1205 400 1233 Kal
423 1204 527 1240 μάρτυς
558 1206 610 1232 τῶν
635 1204 682 1232 τοῦ
709 1203 822 1237 xpm-*rav
847 1199 1036 1236 παθημάτων,
1063 1204 1150 1236 atque
1178 1200 1257 1226 testis
1288 1196 1472 1233 afflictionum
1500 1187 1632 1230 Christi,
1659 1195 1764 1232 μάρτυς
1784 1202 1819 1225 eo

309 1263 395 1284 sensu
427 1255 567 1289 scripturn
589 1261 650 1282 esse
673 1253 836 1287 credimus,
858 1260 919 1288 quo
943 1252 1015 1279 idern
1038 1250 1137 1278 Petrus
1158 1257 1174 1276 2
1188 1249 1245 1284 Ep.
1266 1250 1298 1277 I:
1327 1248 1360 1277 16
1381 1246 1512 1275 adhibuit
1531 1246 1703 1275 vocabulum
1730 1246 1818 1276 ἐπέην.

308 1312 354 1337 ὁται
382 1311 571 1344 spectatores,
605 1310 687 1332 testes
716 1304 846 1338 oculati,
875 1309 903 1331 et
929 1311 988 1337 quo
1016 1301 1114 1331 Lucas
1140 1302 1256 1337 Evang.
1280 1301 1313 1329 1:
1337 1309 1353 1329 2
1383 1307 1456 1328 usus
1481 1304 1526 1326 est
1554 1298 1642 1326 verbo
1668 1298 1818 1328 αὐτόπται.

309 1357 402 1387 Simili
426 1357 454 1385 vi
484 1363 515 1384 ut
538 1356 607 1384 mihi
632 1362 708 1384 certe
732 1350 864 1390 videtur,
888 1357 991 1391 μάρτυς
1014 1353 1141 1382 occurrit
1162 1354 1229 1381 Act.
1250 1354 1298 1381 ll:
1323 1359 1368 1387 32-
1397 1349 1454 1378 Ill:
1479 1357 1526 1384 15.
1552 1349 1596 1376 X:
1621 1355 1656 1385 39
1678 1347 1744 1385 (6)
1771 1349 1822 1380 Τὰ

311 1411 357 1438 τοῦ
379 1410 489 1444 Χριστοῦ
517 1408 670 1443 παθήματα
697 1412 765 1434 sunt
791 1406 987 1440 calamitates,
1015 1412 1086 1440 quas
1113 1402 1202 1432 subiit
1228 1403 1382 1437 Servator,
1411 1409 1478 1429 cum
1505 1400 1535 1428 in
1557 1399 1609 1427 hac
1637 1406 1711 1428 terra
1739 1400 1823 1436 dege-

313 1466 377 1494 ret,
404 1460 543 1494 imprimis
575 1462 612 1489 τὰ
636 1460 794 1493 παθήματα
823 1457 924 1486 exim-ie
950 1456 989 1485 ita
1017 1457 1115 1490 dicta,
1146 1454 1312 1490 gravissima
1339 1460 1440 1488 nempe
1476 1452 1525 1479 illa
1557 1451 1628 1479 mala
1655 1456 1741 1486 atque
1767 1450 1824 1478 diri

313 1511 482 1548 cruciatus,
502 1511 609 1543 quibus
630 1509 716 1546 Jesus
744 1509 855 1538 ultimis
881 1509 954 1537 vitae
979 1509 1080 1536 diebus
1109 1507 1229 1535 afflictus
1257 1505 1334 1540 fnit,
1364 1512 1390 1533 et
1419 1503 1528 1540 quibus
1556 1502 1660 1530 mortis
1684 1500 1823 1530 acerbitas

317 1570 401 1598 quam
426 1562 545 1589 maxime
571 1562 627 1590 fuit
648 1562 778 1591 adaucta.
829 1561 949 1590 Grotius
970 1559 1013 1588 ad
1029 1560 1058 1587 h.
1077 1560 1099 1588 Ι.
1121 1557 1289 1587 annotavit:
1323 1575 1341 1590 „
1360 1555 1431 1584 vidi't
1451 1563 1513 1583 eum
1537 1554 1640 1582 Petrus
1667 1552 1820 1586 vinctum,

316 1612 435 1647 deinde,
459 1612 536 1646 quod
562 1610 680 1638 historia
708 1620 767 1640 non
795 1612 899 1646 docet,
923 1612 972 1639 sed
998 1611 1134 1639 credibile
1169 1616 1233 1643 est,
1263 1608 1379 1636 audiens
1403 1606 1595 1640 crucifixum,
1618 1604 1679 1639 ejus
1708 1609 1824 1638 quoque

317 1663 357 1691 rei
382 1670 527 1698 spectator
549 1669 610 1690 esse
636 1660 820 1696 voluit,·sed
841 1664 953 1689 eminus
978 1668 1006 1688 et
1034 1661 1061 1687 in
1086 1659 1205 1688 turba.”
1245 1658 1387 1686 Miramur
1412 1664 1502 1691 vem,
1523 1656 1615 1684 virum
1636 1652 1827 1682 immortalem

313 1721 380 1742 non
409 1714 570 1747 addidisse,
600 1712 678 1747 quod
701 1712 821 1740 historia
847 1712 949 1739 diserte
968 1712 1050 1739 docet
1068 1711 1203 1745 Petrum,
1231 1710 1312 1738 ctiam
1339 1709 1466 1736 adfuisse
1495 1709 1524 1735 in
1547 1708 1632 1735 horto
1657 1705 1828 1734 Getlisema·

322 1763 435 1798 niueo,
458 1763 507 1792 ubi
532 1763 659 1800 optimus
690 1763 830 1800 Magister
853 1762 1003 1792 doloriBus
1026 1762 1218 1792 acerbissimis
1244 1760 1446 1794 excruciatus,
1466 1765 1533 1786 eum
1555 1763 1642 1792 atque
1656 1757 1734 1785 duos
1752 1754 1825 1785 alios

1794 1814 1828 1835 ex

353 1896 413 1929 (5)
442 1885 509 1922 Diis.
526 1899 571 1922 cit.
599 1904 654 1927 pag.
673 1903 687 1928 5
706 1895 730 1920 in
748 1896 817 1921 Nota
835 1902 859 1920 et
879 1902 936 1926 pag.
953 1903 984 1920 ιο
1003 1895 1027 1919 in
1046 1894 1104 1921 fine.

355 1941 418 1973 (6,
443 1942 519 1974 Quod
547 1943 575 1966 ad
597 1949 646 1966 rem
676 1943 753 1973 ipsam
781 1942 826 1965 luc
853 1941 957 1966 sononia
980 1941 1123 1965 denotatam
1149 1941 1255 1969 attinet,
1283 1939 1354 1964 conf.
1379 1937 1478 1962 uberius
1504 1935 1571 1960 d'1cta
1595 1935 1660 1960 Petri
1686 1941 1701 1960 2
1724 1934 1773 1966 Ep.
1797 1932 1827 1958 1:

326 1987 398 2013 16-
412 1987 439 2013 53
452 2004 460 2015 ‚
485 1993 508 2010 er
526 1987 556 2010 ab
578 1987 695 2012 [lenslrra
713 1993 794 2011 notata
819 1988 842 2010 in
863 1987 987 2013 animadv.
1007 1989 1036 2012 al
1059 1984 1289 2020 interprezationem
1306 1985 1438 2018 Epistulae
1463 1982 1647 2010 Germanicam.
1690 1980 1744 2005 Der
1763 1982 1831 2005 ersu-

323 2032 403 2065 L‘sief
414 2032 452 2056 du»
472 2033 522 2066 Ap.
541 2034 632 2058 Parus
651 2034 776 2058 {ibet-setae
792 2033 844 2058 und
857 2039 904 2059 etc.
922 2034 957 2059 ad
972 2033 998 2060 h.
1011 2035 1031 2059 Ι.
