1946 2517
129 360 202 401 Pag‘.
227 371 272 392 ιο.

189 515 263 545 lbid.

126 719 199 757 wag.
223 729 269 752 11.

593 164 1206 212 ‚ANNo'rA'T1o
1572 162 1612 222 ἑὲ

301 278 326 295 ,‚
344 258 457 290 nmee’
497 258 620 289 Difficile
642 267 704 296 est,
735 261 864 298 satyram
888 270 949 292 non
980 263 1115 295 scribere.
1135 278 1174 288 —·
1200 265 1337 295 Pluribus
1366 264 1469 296 sinim„
1497 266 1601 296 farinae

301 311 453 340 afferendis
476 314 657 348 supersedeo.

303 363 442 398 Novam,
470 373 529 401 qua
553 373 573 391 a
599 363 679 401 Rege
701 369 822 392 ornatus
847 373 895 400 es,
924 367 1067 404 primarii
1075 364 1307 398 Bibliothecarii
1322 367 1505 406 dignitatem.
1547 368 1603 396 De-

301 420 379 442 creto
396 414 488 450 Regio
513 414 568 442 diei
590 424 625 450 27
644 415 783 444 Octobris
803 424 1027 447 crcmccexm.
1049 418 1111 448 No.
1127 420 1186 457 746
1207 419 1359 448 nobiscum
1377 429 1392 449 a
1410 419 1602 450 Curatoribus

297 465 510 494 communicato
532 465 576 493 die
596 473 632 502 29
653 466 821 495 Decembris
845 468 971 503 ejusdem
992 469 1072 498 anni.

306 516 418 545 Eorum
443 518 604 545 vanitatem
622 533 659 539 —
675 533 711 539 -—-
728 518 912 555 exploserunt
934 524 962 545 ει
986 519 1059 556 alii,
1090 525 1118 548 ct
1138 534 1175 542 -·
1193 530 1390 551 ERNESTms.
1430 521 1462 550 In
1485 522 1603 550 notissi-

296 575 347 596 ·ma
360 567 567 603 Disputatione
582 567 617 596 dc
632 569 764 596 vanitate
779 569 1042 607 philosophantium
1059 571 1091 598 in
1113 572 1355 610 interpretatione
1372 573 1530 602 Librorum
1548 574 1579 602 S.
1590 594 1600 609 ,

299 618 419 655 repetita
451 620 480 647 in
503 619 659 658 Opusculi5
684 620 870 658 philologieis
894 621 1014 650 Criticis
1043 622 1102 659 (ex
1128 623 1215 652 altera
1239 624 1284 654 ed.
1313 624 1351 655 L.
1378 624 1412 653 B.
1438 625 1524 662 1716.
1544 627 1602 662 8.)

295 678 328 706 p.
348 678 404 706 233
417 685 453 691 —
466 676 532 705 251.

297 721 398 758 Quale:
411 722 557 759 possidere
579 726 666 752 nostis
693 730 749 752 etc.
789 723 861 762 Quo
883 724 984 753 melius
1007 732 1058 760 ea,
1080 733 1152 761 quae
1170 725 1217 755 hic
1245 727 1279 756 de
1305 727 1408 756 Museo
1428 727 1605 756 Archaeola-

295 774 360 809 gico
377 773 454 808 dixi,
474 781 490 801 a
503 774 662 803 lectoribus
683 774 896 811 intelligantur,
918 777 1040 805 inserere
1057 775 1138 805 hisce
1152 779 1388 808 annotationibus
1406 779 1486 809 liceat
1506 781 1596 816 ipsam

295 831 478 854 Rl-:UVENSH
499 825 593 854 nostri
613 825 652 855 V.
677 824 712 854 C.
734 825 912 854 relationem.

336 977 436 1007 Musei
462 979 642 1018 Antiquarii
667 978 884 1017 descriptionem
912 980 955 1009 sic
981 981 1150 1020 instituere,
1171 991 1204 1013 ut
1223 983 1304 1015 anxie
1324 984 1476 1014 definiatur
1501 985 1568 1021 quid
1585 994 1600 1014 a

291 1030 435 1065 ¹quoque,
458 1030 518 1058 sive
536 1031 662 1058 emtione
682 1031 742 1059 sive
759 1031 935 1068 donatione,
957 1036 1132 1071 accesserit,
1159 1037 1272 1066 difficile
1300 1036 1408 1072 fuerit,
1431 1036 1503 1072 quia
1531 1037 1600 1066 varii

298 1081 409 1116 generis
427 1089 472 1110 res
493 1083 661 1117 plerumque
677 1083 734 1110 una
751 1083 906 1112 donatione
923 1090 974 1113 aut
992 1086 1116 1116 emfione
1132 1088 1353 1123 comprehensae
1372 1086 1499 1117 fuerunt.
1540 1086 1595 1115 Ita·

294 1139 354 1166 que
373 1139 428 1159 nos
449 1132 585 1161 universo
599 1139 766 1168 conspectu
786 1133 986 1171 defungamur.

325 1181 491 1211 Conditum
521 1192 564 1213 est
588 1183 736 1220 primum,
758 1184 852 1214 medio
878 1187 995 1215 saeculo
1018 1186 1203 1225 novissimo,
1231 1199 1246 1218 a
1266 1189 1339 1220 Ger.
1360 1189 1595 1231 Papenbroekio,

294 1233 622 1263 Amstelaedamensium
657 1235 841 1264 scabinorum
872 1237 1024 1274 Praeside‚
1065 1241 1136 1276 qui,
1165 1249 1232 1269 cum
1262 1247 1374 1270 tantum
1407 1248 1466 1269 non
1504 1241 1600 1270 omnia

290 1292 434 1313 marmora
459 1285 490 1314 in
527 1287 634 1315 nostris
661 1278 743 1316 terris
772 1289 912 1318 exstantia
945 1289 1119 1326 coemisset,
1149 1292 1202 1320 alia
1233 1300 1351 1328 peregre
1372 1291 1593 1333 arcessivisset,

292 1336 461 1365 Academiae
485 1343 600 1366 nostrae
623 1343 794 1368 testamento
819 1339 936 1376 legavit.
977 1340 1051 1370 Mox
1071 1343 1222 1372 nonnullis
1250 1343 1306 1372 hoc
1327 1343 1451 1379 legatum
1477 1350 1592 1372 auctum

291 1392 337 1415 est
361 1387 540 1423 privatorum
562 1388 789 1426 donationibus,
811 1392 964 1427 praecipue
985 1392 1128 1422 Consulis
1146 1393 1369 1430 Negotiator-um
1392 1393 1594 1424 Batavicorum

293 1438 495 1475 Smyrnenffls,
517 1440 551 1469 de
571 1440 744 1479 Hochepied.
786 1441 820 1470 In
844 1441 911 1478 ipso
937 1449 1030 1471 autem
1053 1443 1167 1481 legato,
1188 1445 1242 1473 etsi
1267 1446 1386 1474 minoris
1406 1446 1490 1483 pretii
1509 1454 1596 1482 quae·

292 1490 358 1518 'dam
385 1498 531 1528 segregare
558 1493 629 1521 ratio
653 1493 790 1529 iusserit,
813 1499 923 1521 tantum
948 1500 1041 1523 tamen
1062 1495 1247 1531 antiquorum
1271 1502 1299 1524 et
1321 1498 1526 1533 praestantium
1554 1498 1594 1527 si.

293 1548 414 1576 gnorum
436 1542 546 1578 inerat,
569 1549 600 1571 ut
624 1551 658 1572 ex
683 1543 734 1572 illo
760 1544 829 1572 inde
854 1550 982 1581 tempore
1004 1554 1088 1574 suum
1110 1546 1248 1575 habuisse
1275 1546 1412 1577 Museum
1439 1548 1592 1579 Academia

290 1593 431 1621 censenda
451 1594 501 1622 sit.
544 1594 618 1624 Nam
632 1604 705 1632 quae
722 1597 778 1634 J‘am
800 1596 868 1624 olim
886 1596 1033 1625 exstabant
1049 1597 1166 1633 antiqua
1185 1599 1407 1629 monumentain
1417 1599 1591 1631 Anatornico

291 1642 462 1672 Academiae
482 1638 613 1683 theatro,
634 1656 664 1676 ea
685 1656 775 1684 pauca
796 1655 891 1684 erant,
914 1655 962 1678 aut
984 1650 1104 1679 minoris
1124 1647 1184 1678 fere
1203 1652 1349 1681 momenti.

321 1693 421 1723 Additi
445 1703 534 1732 sunt,
555 1698 610 1726 sub
629 1699 711 1728 finem
738 1700 863 1737 eJ’usdem
885 1700 993 1729 saeculi
1013 1700 1188 1738 novissimi,
1209 1701 1331 1731 Nummi
1347 1703 1478 1740 antiqui,
1499 1704 1589 1734 maxi-

284 1752 329 1772 me
348 1744 492 1783 R›mani‚
513 1750 584 1778 cura
600 1755 627 1778 et
644 1751 815 1779 auctoritate
838 1751 878 1780 L.
899 1752 1050 1788 Santcm'i,
1080 1758 1149 1782 tunc
1172 1755 1310 1790 temporis
1333 1755 1503 1786 Academiae
1527 1756 1590 1785 Cu-

288 1796 412 1831 rium-is,
440 1798 527 1827 variis
547 1797 732 1830 auctionibus
753 1803 857 1838 parati.

269 1849 274 1855 ·
316 1845 603 1885 Papenbroekianum
621 1851 743 1889 legatum
764 1854 800 1884 ab
821 1853 1023 1894 Oudendorpio
1041 1854 1217 1892 descriptum
1238 1863 1306 1894 est,
1328 1857 1364 1888 L.
1383 1857 1414 1888 B.
1435 1857 1585 1895 1746.40;

283 1899 387 1932 partim
415 1901 515 1937 etiam,
545 1903 596 1932 sed
618 1910 771 1939 antequam
801 1905 969 1934 Academiae
993 1906 1157 1941 accederet,
1178 1907 1212 1936 ab
1234 1909 1280 1937 Sc.
1301 1907 1410 1945 lifaffci
1433 1908 1464 1937 in
1483 1909 1586 1938 Museo

286 1947 457 1980 Veroicnsi.
497 1952 599 1990 Legati
616 1957 778 1984 auctarium
806 1955 962 1986 illustravit
990 1955 1027 1986 V.
1056 1955 1122 1988 Cel.
1152 1956 1190 1987 Te
1217 1957 1322 1989 Wam·
1350 1959 1380 1988 in
1416 1960 1587 1997 Appendice

282 1996 464 2031 Narrationis
486 2004 520 2033 dc
541 2004 640 2034 Rebus
661 2006 831 2036 Academiae
852 2006 888 2037 L.
912 2007 1044 2036 Batavae.

972 2058 997 2086 E
1547 2058 1590 2089 Ο.
