1946 2517
352 185 374 218 6
910 183 1271 218 SERIES'

462 278 576 312 182¹.

356 337 388 369 d.
414 347 454 379 29
478 334 680 379 Septembris.
726 337 947 379 ¹Gpecimen
969 337 1208 371 Juridicum
1233 337 1476 381 Inaugurale
1499 338 1821 373 de'l‘ransaetioa

531 392 681 432 nibus,
714 393 878 425 defensum
911 395 945 426 in
971 395 1193 427 Auditorio
1218 396 1384 437 Majori,
1415 396 1432 426 ἐι
1455 397 1611 431 Joanne
1633 399 1820 440 sosepho

527 451 663 489 Batta,
687 451 1011 493 Mosa-Trajectino,
1037 463 1096 494 pro
1114 454 1288 483 Doctoratu
1314 453 1398 483 Juris
1420 453 1556 483 Romani
1575 459 1606 483 et
1629 453 1794 487 Hodierni.

351 543 383 575 d.
410 542 448 576 13
470 541 627 575 Octobris.
680 545 844 587 Specimen
881 545 1055 578 Jurc'dc‘cum
1086 547 1280 589 Inaugurale
1318 547 1361 579 de
1389 547 1592 590 pignoribus,
1624 557 1680 578 seu
1710 548 1822 590 Hypo·

530 600 624 632 thecis
649 604 745 632 tacitis
767 602 824 634 vel
845 601 1010 645 legalibus,
1042 602 1215 635 secundum
1231 606 1314 634 lunis·
1333 606 1474 634 Romam*
1495 610 1527 634 et
1546 603 1708 635 Hodierm·
1731 606 1823 635 Prin·

528 659 612 699 cipc'a
627 680 637 695 ‚
670 657 835 689 defensum
876 670 893 690 a
925 659 1122 692 Johanne
1153 660 1399 694 Burchardo
1434 660 1535 691 Dirk
1564 660 1821 692 ‘Christiano

522 714 599 745 Did
608 725 626 745 e
635 725 650 745 r
659 714 669 744 i
678 725 696 745 c
706 725 725 745 o
748 716 773 746 T
784 726 804 746 u
818 715 872 747 lle
881 715 903 746 k
913 727 978 756 en,
1000 716 1144 759 Elburgo
1154 733 1166 741 -
1179 716 1276 748 Gelro
1286 739 1295 756 ,
1315 728 1376 759 pro
1399 719 1574 748 Doctoratu
1594 717 1687 748 *iuris
1705 719 1821 748 Roma·

522 772 557 802 ni
586 777 617 802 et
639 770 804 802 Hodierni.

344 863 443 902 (Lab,
465 863 625 898 Octobris.
668 867 882 908 Specimen
922 866 1163 899 Juridicum
1203 866 1472 910 Inaugura'le
1518 866 1564 898 de
1598 866 1817 899 Servitute

518 922 852 954 conventionali
875 923 1112 956 secundum
1133 926 1251 956 Juris
1275 923 1481 955 Hodierui
1509 923 1734 962 rationem,
1764 923 1820 955 de·

525 978 652 1010 sensum
684 979 719 1009 in
754 979 991 1011 Auditorio
1023 980 1197 1023 Majori,
1227 991 1245 1010 a
1277 978 1501 1011 Frederico
1532 990 1612 1011 van
1633 980 1820 1020 Massow,

523 1033 773 1074 Indo-Batavo,
797 1046 856 1078 pro
877 1038 1052 1068 Doctoratu
1073 1038 1158 1068 Iuris
1179 1037 1316 1068 Romani
1328 1042 1362 1067 et
1379 1034 1554 1068 fflodierni.

351 1129 384 1163 d.
409 1139 449 1173 27
472 1127 631 1160 Octobris.
675 1128 938 1162 Dissertatio
969 1130 1132 1163 Medica
1161 1128 1468 1172 Inauguralis,
1499 1127 1716 1161 exhibens
1738 1129 1818 1162 -ob-

524 1185 819 1216 servationem
843 1186 1440 1229 Anatomico-Pathologieam
1464 1185 1511 1217 de
1534 1186 1702 1229 insigni
1726 1186 1820 1218 Cor.

522 1241 587 1272 dis
609 1247 646 1272 et
669 1242 830 1274 Aortae
853 1243 1140 1283 dilatatione,
1173 1253 1262 1275 cum
1296 1241 1470 1274 insolita
1493 1241 1680 1285 ejusdem
1705 1244 1823 1274 Arte·

528 1299 613 1329 riae
634 1297 904 1330 valvularum
927 1300 1280 1344 degeneratione,
1302 1299 1430 1331 defensa
1448 1300 1481 1330 in
1500 1299 1723 1330 Auditorio
1746 1301 1820 1330 Ma-

526 1355 640 1397 jori,
671 1356 690 1386 ὲ
723 1355 947 1400 Rudolpho
975 1360 1173 1398 Fenema,
1202 1348 1441 1395 Daventr‘1ensi,
1467 1365 1527 1398 pro
1552 1357 1727 1387 Doctoratu
1753 1356 1820 1386 Me-

525 1409 658 1443 dicinae.
1557 1420 1559 1423 ’

355 1499 389 1533 d.
412 1509 452 1542 27
477 1497 633 1531 Octobris.
690 1500 854 1542 Specc'men
902 1500 1060 1534 Ht'ston‘co
1070 1522 1081 1528 -
1092 1503 1239 1535 criticum
1286 1500 1483 1545 Inaugurale
1527 1499 1568 1532 de
1611 1499 1800 1533 Ther-amine
1809 1525 1820 1540 ‚

529 1556 670 1596 Agnom's
684 1555 755 1596 fillo
764 1579 774 1593 ‚
798 1556 1000 1597 Atheniensi,
1024 1558 1190 1590 defensum
1212 1560 1230 1589 ὲ
1246 1560 1327 1590 Geo
1336 1569 1379 1602 rg
1390 1559 1428 1589 io
1446 1562 1474 1589 Α
1485 1569 1506 1590 n
1517 1564 1556 1590 to
1565 1569 1585 1589 n
1595 1558 1606 1589 i
1616 1569 1637 1589 o
1659 1560 1704 1589 Sc
1714 1560 1732 1590 h
1742 1559 1821 1590 nei-

533 1609 625 1641 ther
638 1632 647 1647 ,
671 1610 856 1653 Lugduno-
868 1615 999 1654 Batavo,
1030 1625 1089 1658 pro
1118 1617 1294 1647 Doctoratu
1319 1615 1546 1659 ‘Philosophiae
1567 1614 1770 1647 'theoreticae
1788 1622 1820 1648 et

526 1668 707 1698 Literarum
730 1669 975 1702 Humanior-um.

356 1760 390 1793 d.
414 1759 454 1794 30
476 1761 634 1793 Octobris.
678 1764 856 1804 Dispmatio
875 1764 1018 1796 Jan'dica
1048 1766 1249 1809 Inauguralt's
1275 1769 1340 1799 Pro
1361 1766 1486 1799 Judicio
1507 1770 1706 1809 namtarum,
1725 1781 1822 1813 prae-

531 1820 621 1860 cipue
640 1816 681 1848 de
704 1818 843 1849 [stimate
870 1827 901 1851 ec
921 1820 962 1851 de
981 1822 1065 1855 bono
1088 1823 1237 1867 publico,
1259 1823 1350 1867 quod
1373 1823 1434 1855 hoc
1451 1824 1577 1856 Iudicio
1595 1828 1687 1865 inest,
1717 1825 1825 1857 defen-

529 1884 562 1904 sa
594 1875 612 1904 3³
643 1875 761 1905 Petro
797 1876 984 1908 Gerardo
1017 1879 1201 1918 Qulrino
1234 1879 1445 1923 Sprenger
1476 1891 1555 1912 van
1575 1882 1678 1924 Eyk,
1702 1882 1719 1913 ὸ
1740 1885 1823 1925 Pago

528 1930 665 1972 Zegveld
684 1931 884 1974 Trajectim,
908 1944 969 1976 pro
986 1935 1164 1968 Doctorum
1184 1936 1268 1968 Jur'is
1290 1934 1431 1968 Romani
1451 1944 1482 1969 et
1500 1937 1665 1970 llodierui.

1552 2044 1584 2077 d.
1602 2055 1638 2088 31
1662 2044 1818 2081 Octobris,
