1946 2517
328 161 551 209 REspot'rsto
580 184 623 207 An
652 159 956 212 omns-riorum
983 158 1300 202 Tussocootessm.
1538 167 1587 198 αι’

337 413 583 457 PARS
694 410 1304 452 POSTERIOR.

207 537 255 559 nl:
283 534 468 557 MUNERIS
498 532 622 554 SACRI
652 529 838 551 RATIONE
869 529 920 550 ET
948 530 1158 557 oFFchIS,
1189 530 1240 550 ET
1271 530 1319 549 DE
1350 528 1430 557 113,

305 599 409 629 QUAE
439 595 670 619 MINISTROS
700 593 853 614 SACROS
882 593 1086 615 IMPRIMIS
1116 593 1256 615 AGERE
1285 593 1336 614 ET

617 659 771 680 VITARE
800 658 1029 681 OPORTEAT.

64 771 204 845 Nobis
235 803 349 841 quidem
380 803 461 831 nulla
482 799 601 828 omnino
623 798 697 828 ratio
725 798 827 827 idonea
850 797 942 826 afferri
972 805 1061 834 posse
1086 796 1221 831 videtur,
1242 804 1313 831 quae
1333 802 1388 824 nos
1415 793 1578 829 induceret,

70 864 105 887 nt
129 857 379 890 existimaremus,
401 857 570 888 praecepta,
593 857 664 885 quae
689 849 718 877 in
750 850 817 877 loco
840 854 942 877 nostro
967 849 1172 883 continentur,
1192 848 1227 876 ad
1248 846 1444 883 Πρεσβυτέραυς
1469 839 1580 873 tant'um

66 913 215 946 spectare,
235 906 287 942 qui
309 905 386 934 Petri
406 909 494 931 aetate
523 901 654 930 coetibus
684 899 916 928 Christianorum
937 904 985 934 τῆς
1009 901 1155 935 διασπορᾶς
1180 899 1363 934 praeessent,
1386 904 1445 924 non
1463 895 1527 923 item
1547 893 1582 922 ad

67 960 162 995 alios,
183 958 234 994 qui
260 957 339 986 omni
362 955 496 991 deinceps
518 959 608 981 aetate
637 958 664 980 et
687 950 784 979 ubivis
811 950 942 979 locorum
964 951 994 979 in
1014 951 1147 980 Ecclesia
1167 949 1334 978 Christiana
1359 954 1472 975 munere
1500 953 1583 973 sacro

65 1009 200 1041 functuri
226 1015 334 1038 essent.
385 1007 485 1042 Itaque
513 1004 655 1034 sumimus
683 1009 710 1031 et
735 1003 845 1038 absque
871 1002 980 1031 errandi
1010 1003 1138 1038 periculo
1165 1002 1193 1030 id
1220 999 1328 1029 assumi
1356 1007 1442 1034 posse
1468 997 1585 1026 arbitra-

68 1071 157 1097 mur,
178 1069 230 1096 ea,
253 1068 325 1097 quae
352 1059 400 1087 hic
424 1057 481 1086 Ioci
509 1057 542 1085 de
565 1063 680 1085 munere
705 1063 786 1083 sacro
809 1053 983 1089 traduntur,
1005 1054 1040 1082 ab
1062 1053 1198 1082 omnibus
1225 1051 1353 1080 omniurn
1379 1055 1502 1079 aetatum
1524 1047 1588 1077 Ec-'

75 1114 177 1144 clesiae
198 1111 338 1141 ministris
364 1110 393 1139 in
420 1117 476 1137 rem
502 1116 582 1136 suam
607 1106 682 1136 verti
709 1111 860 1142 oportere,
882 1112 915 1133 ut
938 1103 1032 1132 officio
1058 1103 1246 1132 satisfaciant.

107 1164 212 1192 Missis
238 1170 331 1190 autem
362 1167 389 1189 et
416 1168 471 1188 suo
497 1159 564 1187 loco
590 1157 699 1186 relictis
725 1155 862 1184 omnibus
893 1164 908 1184 e
931 1156 1104 1191 D·:·gmatico
1132 1161 1159 1182 et
1188 1152 1297 1182 Ethico
1324 1158 1423 1189 genere
1447 1149 1476 1178 in
1506 1149 1586 1177 hune

70 1215 168 1244 locum
199 1211 517 1244 animadversionibus,
538 1217 588 1245 age
612 1217 679 1244 eas,
701 1216 773 1244 quae
798 1208 833 1236 ad
859 1207 1000 1242 judicium
1027 1206 1061 1234 de
1089 1205 1214 1234 muneris
1242 1203 1316 1232 sacri
1339 1202 1448 1231 ratione
1474 1207 1502 1229 et
1524 1199 1585 1229 offi-

70 1266 127 1296 ciis
146 1263 292 1293 ferendum
318 1263 455 1290 inservire
479 1267 627 1297 possunt,
651 1268 728 1288 nunc
754 1260 783 1287 in
810 1258 931 1286 medium
960 1257 1152 1293 proferamus.

108 1316 186 1346 Cum
213 1322 305 1344 autem
331 1323 388 1342 non
421 1313 457 1341 de
482 1312 619 1341 omnibus
645 1312 723 1346 illis,
752 1319 825 1346 quae
853 1317 958 1338 munus
987 1315 1098 1336 sacrum
1122 1305 1337 1343 quodammodo
1365 1309 1516 1340 spectant,
1541 1308 1584 1331 at·

73 1375 132 1405 que
154 1367 184 1395 in
208 1367 270 1403 ejus
298 1365 408 1393 ratione
435 1362 619 1391 describenda
644 1360 783 1389 recenseri
803 1366 926 1395 possunt
953 1365 980 1387 et
1009 1359 1122 1393 solent,
1144 1358 1172 1386 in
1193 1358 1268 1386 Petri
1288 1358 1354 1386 loco
1377 1362 1498 1392 agatur,
1520 1361 1589 1382 nos-

72 1426 149 1449 trum
175 1427 233 1446 non
259 1417 332 1452 erit,
357 1416 511 1452 generalem
533 1414 659 1443 omnium
692 1413 748 1441 huc
771 1411 974 1447 pertinentium
1015 1415 1204 1445 conspectum
1231 1409 1385 1442 exhibere,
1414 1412 1584 1442 quamquam

75 1470 172 1507 negari
196 1475 340 1504 nequeat,
361 1475 394 1495 ex
419 1467 455 1494 iis
477 1466 509 1494 S.
529 1465 561 1493 S.
582 1464 678 1499 Iocis,
700 1472 715 1491 e
739 1464 846 1499 quibus
871 1462 1003 1491 doctrina
1032 1462 1066 1489 de
1091 1461 1215 1489 muneris
1240 1453 1318 1488 Sacri
1339 1459 1448 1486 ratione
1478 1463 1504 1484 et
1526 1455 1590 1484 offi-

75 1522 131 1550 ciis
157 1520 313 1550 haurienda
338 1525 401 1553 est,
433 1524 563 1546 nostrum
591 1516 672 1543 illum
702 1515 821 1542 omnino
850 1514 925 1541 inter
956 1512 1108 1548 primarios
1135 1517 1162 1539 et
1196 1510 1338 1546 imprimis
1374 1509 1428 1536 late
1456 1512 1590 1543 patentes

73 1580 138 1601 esse
164 1571 352 1600 referendum.
403 1568 473 1606 Quo
505 1575 575 1596 vero
603 1566 702 1594 ordine
733 1565 820 1594 nobis
849 1564 878 1593 in
912 1565 967 1592 hoc
997 1569 1166 1599 argumento
1190 1561 1402 1599 procedendum
1435 1559 1495 1594 sit,
1525 1558 1589 1593 ipsa

72 1631 129 1654 nos
152 1623 236 1651 docet
256 1620 422 1656 propositae
450 1617 628 1654 quaestionis
658 1616 745 1645 ratio.
783 1616 884 1652 ltaque
908 1616 1007 1654 primo
1029 1614 1282 1643 demonstrandum
1306 1618 1372 1647 est,
1401 1615 1538 1645 quaenam
1557 1607 1590 1636 irs

73 1673 150 1704 Petri
175 1673 242 1700 loco
268 1671 416 1699 tradantur
444 1670 478 1701 de
497 1668 621 1697 muneris
641 1659 728 1697 sacri*
741 1667 853 1696 ratione
873 1673 901 1695 et
923 1666 1046 1701 officiis,
1066 1665 1168 1694 deinde
1188 1663 1407 1700 explicandum,
1429 1660 1498 1695 quid
1518 1659 1591 1686 adeo·

81 1732 117 1754 ex
145 1728 236 1752 mente
257 1721 395 1758 Apostoli
422 1719 565 1756 imprimis
584 1727 687 1759 agere,
710 1718 780 1757 quid
798 1718 888 1749 vitare
913 1722 1047 1755 oporteat
1075 1722 1148 1755 eos,
1167 1716 1218 1752 qui
1239 1715 1270 1744 in
1294 1712 1425 1744 Ecclesia
1445 1708 1592 1740 Christia-

77 1782 115 1805 na
135 1774 191 1802 hoc
217 1781 333 1804 munere
352 1773 525 1810 funguntur.

804 1894 856 1947 ff

842 2073 867 2102 c
891 2081 906 2109 3
1441 2060 1592 2092 sssc’rto
