1946 2517
326 132 361 165 32
669 118 1072 152 EUGEN11
1150 115 1488 148 Dav-1138

369 208 484 237 Haecce
524 212 613 242 aquae
643 203 853 239 decomposirio
894 199 1098 229 verisimillima
1133 199 1202 227 mihi
1232 200 1362 236 videtur3
1403 199 1568 236 praesertim
1604 199 1686 229 etiam
1714 207 1748 229 ex
1777 208 1834 238 eo,

327 260 409 296 quod
434 259 458 287 si
483 258 716 290 consideremus,
746 253 900 288 aliquando
925 258 980 279 tam
1005 251 1033 279 in
1053 256 1130 279 statu
1147 260 1216 279 sano
1240 259 1324 286 quam
1345 251 1505 286 morboso,
1525 251 1641 287 propria
1668 251 1696 280 vi
1720 252 1833 287 plantae

333 309 511 339 biochemica
542 306 755 344 (absorptione
778 310 865 339 atque
886 303 1018 331 suctione
1042 301 1183 340 omissis)
1215 311 1303 338 aquae
1330 303 1434 338 largam
1459 303 1570 339 copiam
1595 303 1743 332 collectam
1767 311 1830 332 esse

327 364 396 400 (uti
417 363 601 391 observamus
619 360 647 388 in
662 357 794 394 pluribus
812 356 918 392 plantis
937 355 966 384 in
987 354 1069 383 Saxis
1090 355 1212 383 tectisve
1229 359 1256 381 et
1273 353 1336 381 aliis
1356 353 1429 382 locis
1455 353 1624 382 aridissimis
1648 360 1675 382 et
1692 354 1746 382 snb
1770 354 1833 382 sole

326 413 546 450 flagrantissimo
564 410 709 445 nullisque
731 407 841 444 pluviis
864 407 1014 435 sublevato
1038 405 1252 440 crescentibus,
1274 413 1346 440 quae
1366 411 1458 433 tamen
1483 405 1552 433 satis
1570 405 1717 440 copiosam
1739 413 1828 440 aquae

329 464 518 501 quantitatem
538 460 709 495 continent,
739 458 785 487 vel
801 459 843 486 uti
864 458 993 486 videmus
1014 457 1042 485 in
1061 455 1282 486 collectionibus
1307 455 1450 483 morbosis
1475 463 1567 490 aquae
1586 455 1745 491 plantarum
1770 455 1833 491 Hy-

327 515 531 551 dropiearum,
560 519 632 548 quae
657 510 819 538 morbosam
845 509 957 544 plantae
977 509 1012 537 ad
1041 508 1128 545 hujus
1147 508 1364 544 productionem
1394 507 1536 536 diathesin
1565 507 1741 543 enunciant)
1767 514 1826 535 non

324 566 408 595 video
431 572 482 593 cur
503 571 561 592 non
586 561 687 590 iisdem
711 559 820 588 viribus
848 559 1008 596 vitalibus,
1038 558 1146 596 quibus
1173 558 1251 589 intus
1274 558 1411 595 componi
1437 563 1559 595 potest,
1587 558 1682 586 eadem
1710 565 1828 594 quoque

325 614 496 651 decomponi
517 614 624 649 possit.
838 618 840 622 ’

363 666 433 694 Non
454 665 547 694 omnis
567 672 634 693 vero
651 670 727 698 aqua
750 661 886 698 absorpta
903 660 1123 697 decomponitur
1148 665 1176 689 et
1198 658 1240 688 sic
1263 658 1404 696 principia
1421 666 1472 687 sua
1489 659 1603 694 plantae
1627 657 1724 694 cedit3
1748 666 1833 694 quae·

324 717 388 745 darn
410 715 483 744 enim
508 715 604 751 portio
635 714 784 741 immutata
798 732 808 747 ,
829 721 858 740 se
880 711 977 740 succis
1005 711 1165 747 plantarum
1188 710 1306 747 jungit,
1327 715 1356 738 et
1379 708 1421 737 sic
1441 710 1635 741 evolutionem
1663 716 1748 745 atque
1773 710 1830 739 for-

326 767 478 795 mationem
498 767 608 802 plantae
623 770 794 801 promovet,
816 764 856 793 ita
878 764 962 793 basin
981 762 1066 792 efficit
1087 761 1215 792 omnium
1232 768 1410 797 succorumg,
1435 760 1530 790 soluta
1559 765 1635 788 tenet
1655 760 1756 795 acida,
1786 768 1834 790 sa-

324 817 380 852 lia,
400 823 547 852 extracta,
568 822 624 845 etc.

363 867 509 895 Formatio
525 874 613 902 porro
629 866 757 895 omnium
773 865 898 902 partium
915 864 1073 894 solidarum
1086 864 1190 901 pendet
1203 873 1218 894 a
1232 863 1370 892 mixtione
1378 862 1556 900 Hydrogenii
1571 871 1637 891 cum
1650 862 1831 893 Carbonietv:

326 918 394 946 dum
411 925 477 945 vero
494 916 710 953 Hydrogenium
729 917 811 946 nullo
828 917 885 945 alio
903 918 991 946 modo
1004 924 1088 952 quam
1107 925 1144 945 ex
1158 924 1232 951 aqua
1248 915 1283 943 ad
1300 915 1460 951 plantarum
1483 921 1646 949 compagem
1664 914 1831 950 perveniat,

331 967 421 1005 hujus
442 967 574 996 absoluta
593 968 750 996 necessitas
772 968 807 996 ad
830 967 1006 997 formandam
1029 967 1272 1004 compositionem
1290 965 1442 1002 vegetalem
1459 965 1554 1001 negari
1574 973 1633 993 non
1655 971 1767 1001 potest.

365 1019 452 1054 Aqua
472 1017 582 1053 igitur,
603 1018 646 1045 uti
662 1026 698 1047 ex
717 1019 852 1048 omnibus
871 1020 1023 1048 antedictis
1047 1026 1146 1055 patet,
1166 1019 1239 1046 inter
1264 1025 1309 1044 eas
1333 1015 1455 1051 pertinet
1475 1015 1626 1049 materias,
1649 1023 1721 1050 quae
1738 1015 1825 1043 abso-

329 1069 389 1096 lute
411 1068 444 1095 acl
470 1067 677 1104 vegetationem
702 1068 907 1107 requiruntur,
936 1075 965 1098 et
994 1069 1056 1099 sine
1086 1077 1143 1107 qua
1173 1067 1281 1098 nullam
1314 1067 1440 1105 plantam
1468 1066 1557 1096 vitam
1583 1073 1715 1105 peragere
1739 1072 1828 1104 posse

325 1117 461 1147 vidimus.

594 1431 1020 1477 SECTIO
1128 1431 1569 1474 TERTIA.

629 1568 678 1590 DE
707 1569 832 1590 LUCIS
861 1567 1088 1591 EFFchCIA
1114 1567 1155 1588 IN
1181 1564 1518 1588 VEGETATIONEM·

1029 1709 1060 1746 §-
1102 1717 1127 1741 ι.

325 1765 472 1827 Lucem
484 1815 493 1831 ‚
517 1794 663 1832 obiectum
686 1795 758 1825 iliud
775 1795 854 1831 quod
868 1803 918 1831 per
936 1800 1031 1823 totum
1052 1801 1187 1823 terrarum
1204 1794 1300 1823 orbem
1320 1799 1430 1822 tantum
1449 1792 1532 1821 habet
1549 1791 1686 1821 inssuxum
1707 1791 1736 1821 in
1754 1796 1839 1820 omne

331 1852 455 1873 creatum
468 1866 478 1881 ‚
501 1845 535 1874 ab
553 1847 630 1874 omni
654 1852 780 1881 tempore
799 1845 927 1874 Naturae
945 1846 1072 1874 cultores
1092 1854 1271 1881 occupasse,
1293 1845 1397 1874 nemini
1416 1844 1518 1871 mirum
1543 1843 1694 1872 videbitur.
1735 1842 1839 1877 Usque

328 1897 362 1924 ad
382 1896 514 1925 Ncwtom'
534 1903 626 1925 tamen
643 1903 768 1932 tempora
787 1904 845 1925 non
868 1896 924 1925 nisi
946 1896 1083 1932 physicae
1101 1896 1192 1925 Lucis
1212 1896 1399 1932 proprietates
1418 1893 1534 1922 fuerunt
1551 1894 1701 1929 cognitae3
1725 1893 1773 1921 iile
1791 1901 1838 1921 ve·

330 1955 364 1976 ro
381 1947 566 1977 considerans
587 1948 730 1985 insignem
752 1947 917 1978 relationem
947 1947 1020 1977 inter
1038 1956 1096 1977 eam
1122 1953 1149 1977 et
1177 1947 1272 1976 omnia
1295 1954 1417 1983 corpora
1443 1945 1607 1982 terrestria,
1635 1944 1722 1974 variis
1745 1943 1840 1973 modis

1794 1995 1841 2024 de-
