1946 2517
302 212 338 235 μ
683 196 724 225 H.
802 196 835 225 P.
913 202 980 223 nn
1061 191 1430 223 KANTER

309 278 510 316 perciperent,
541 284 669 308 uteretur
701 277 813 313 servis,
846 283 920 311 quos
947 273 1057 303 invitos
1085 273 1119 301 ad
1144 282 1249 303 munus
1274 283 1386 303 sacrum
1415 274 1579 303 obeundum
1605 282 1736 313 cogeret,
1764 278 1808 306 vel

310 332 393 366 quasi
420 332 481 368 ejus
504 331 630 359 muneris
657 329 748 358 officia
772 329 811 356 ita
844 327 940 363 gravia
967 332 994 354 et
1024 325 1179 361 injucunda
1205 331 1316 360 essent,
1346 333 1418 361 quae
1444 334 1662 362 peragerentur,
1699 335 1729 356 ut
1753 336 1813 356 non

310 382 368 411 nisi
392 383 575 417 ἀναγκάστως
602 381 705 416 aliquis
734 380 769 407 iis
795 378 879 414 fungi
916 382 1027 413 posset.
1077 374 1206 410 Pendet,
1237 382 1269 404 ut
1301 383 1381 404 antea
1407 376 1551 412 diximus,
1579 377 1703 406 muneris
1732 378 1812 406 illius

307 433 408 462 electio
432 442 446 461 a
477 434 563 461 libera
588 437 686 460 nostra
713 431 863 459 voluntate
887 434 974 463 atque
1005 427 1067 463 ejus
1094 424 1185 453 officia
1211 426 1249 454 ita
1277 435 1306 455 se
1333 427 1454 462 habent,
1488 434 1520 455 ut
1547 435 1724 464 unoquoque
1750 428 1813 456 viro

311 486 437 522 ingenuo
458 492 484 513 et
510 484 615 513 liberali
639 483 806 519 dignissima
829 481 900 509 sint.
949 478 979 507 Si
1002 477 1124 512 denique
1148 484 1182 504 eo
1212 477 1299 504 animi
1328 477 1431 506 affectu
1454 477 1576 506 ministri
1599 479 1672 506 sacri
1697 479 1726 507 in
1752 486 1816 506 mu-

310 544 375 564 nere
397 542 566 570 versantur,
588 543 647 563 non
672 538 797 570 possunt
822 540 880 560 non
911 529 1031 558 maxima
1059 528 1125 556 inde
1149 528 1318 557 detrimenta
1341 529 1495 557 redundate
1518 529 1548 557 in
1573 529 1733 558 universam
1757 537 1816 558 rem

309 585 498 614 Christianam
524 592 551 613 et
577 584 706 620 inprimis
732 583 761 611 in
786 588 920 617 coetum,
943 581 992 608 cui
1016 577 1154 615 praefecti
1177 585 1258 606 sunt.

349 636 470 672 Fugiant
493 636 604 671 igitur,
625 643 694 662 cane
714 635 796 671 pejus
813 640 839 661 et
863 640 955 669 angue
972 631 1086 667 fugiant
1109 629 1163 658 hoc
1184 628 1286 657 vitium
1314 629 1439 658 ministri
1463 630 1553 666 sacri;
1576 630 1702 666 lubenti,
1725 639 1820 667 prom-

307 694 337 716 to
360 694 445 722 atque
469 687 552 716 alacri
578 686 672 714 animo
699 692 813 713 munere
838 692 891 711 suo
917 682 1091 718 fungantur,
1120 687 1205 716 atque
1229 681 1306 709 hunc
1335 682 1423 710 animi
1448 681 1580 710 affectum
1604 683 1647 711 vel
1674 682 1820 718 acquirere

309 741 354 768 vel
383 739 567 769 corroborare
591 740 749 772 studeant,
771 737 886 772 saepius
915 735 1094 772 reputando,
1126 739 1250 769 quantus
1275 732 1315 760 sit
1335 733 1429 761 honos
1450 739 1614 768 quantaque
1638 733 1781 769 dignitas,
1802 740 1819 760 a

309 798 457 827 pastorum
484 790 614 826 principe
640 790 742 826 dignos
772 788 901 822 censeri,
931 794 964 815 ut
995 787 1056 823 ejus
1083 785 1174 813 simus
1205 783 1330 811 ministri
1354 783 1474 820 ejusque
1499 784 1614 811 nornine
1637 791 1724 819 atque
1750 791 1819 811 auc-

311 842 426 870 toritate
458 841 589 869 homines
618 841 652 869 ad
684 848 823 869 summam
867 838 1031 867 felicitatem
1066 843 1149 872 aptos
1178 835 1289 862 reddere
1317 835 1502 869 studeamuS,
1528 835 1688 869 reputando
1717 833 1819 869 etiam,

313 900 396 928 quam
420 893 479 921 dira
503 894 574 933 mala
601 899 628 920 et
654 891 798 920 inauditos
821 890 971 918 cruciatus
996 890 1058 924 ipse
1080 886 1281 915 sanctissimus
1297 884 1401 920 Jcsus,
1422 893 1486 913 cum
1506 885 1535 913 iu
1554 885 1633 914 hisce
1652 886 1734 914 tertis
1756 892 1819 913 ver-

311 950 442 979 saretur,
463 943 610 980 religionis
634 951 719 970 causa
739 942 846 978 perpeti
873 941 1021 974 debuerit,
1050 938 1215 974 quibusque
1237 936 1469 971 calamitatibus,
1490 936 1655 972 ignominiis
1681 941 1717 964 et*
1731 935 1814 964 malis

311 994 434 1029 expositi
466 993 571 1022 fuerint
596 993 737 1029 Apostoli
763 993 866 1028 oprimi
894 989 1022 1026 magistri
1048 989 1206 1024 exemplum
1234 988 1357 1022 imitati,
1386 988 1544 1024 reputando
1566 988 1708 1023 denique,
1731 994 1834 1023 quam,

308 1044 421 1080 insigne
448 1045 604 1080 praemium
626 1053 674 1073 eos
705 1049 834 1077 maneat,
858 1042 908 1078 qui
933 1041 1078 1069 constanti
1104 1046 1130 1068 et
1150 1038 1295 1068 indefesso
1315 1039 1412 1067 studio
1435 1039 1559 1067 muneris
1583 1038 1674 1066 officia
1698 1037 1750 1066 rite
1769 1045 1818 1065 ex-

311 1101 479 1130 sequantur.
520 1095 635 1133 Quibus
657 1093 792 1122 omnibus
817 1093 842 1121 si
861 1092 1015 1128 adjungant
1039 1098 1134 1126 preces
1148 1110 1158 1125 ,
1180 1096 1212 1118 ut
1232 1091 1394 1126 ἀρχιποΙμην
1420 1089 1524 1117 auxilia
1544 1097 1597 1117 sua
1624 1088 1764 1124 promissa
1780 1087 1817 1116 iis

308 1151 452 1182 praestet,
474 1145 592 1174 omnino
610 1154 667 1173 non
689 1143 877 1172 dubitandum
895 1150 961 1177 est,
982 1142 1051 1177 quin
1070 1142 1165 1170 animo
1187 1141 1297 1169 lubenti
1317 1147 1344 1168 et
1365 1141 1438 1168 laeto
1459 1141 1549 1169 officia
1580 1139 1720 1175 peracturi
1740 1138 1816 1174 sint,

310 1205 435 1232 suaeque
454 1197 582 1232 ipsorum
600 1195 732 1224 felicitati
754 1196 926 1231 consulant,
947 1200 975 1222 et
989 1194 1023 1223 de
1036 1193 1187 1230 Religione
1201 1191 1369 1221 Christiana
1385 1198 1470 1228 atque
1491 1191 1679 1226 horninibus,
1700 1187 1750 1226 qui
1767 1197 1815 1218 eo-

308 1256 370 1276 rum
389 1255 503 1276 coetum
526 1247 707 1281 conficiunt,
729 1246 838 1282 egregie
860 1252 1028 1273 mereantur.

347 1299 444 1327 Altera
470 1297 677 1326 admonitionis
699 1297 827 1325 Pettinae
855 1305 919 1332 pars
941 1296 976 1324 de
998 1295 1084 1325 animi
1108 1295 1243 1324 sensibus
1268 1301 1295 1323 et
1320 1294 1448 1330 studiis,
1469 1293 1576 1329 quibus
1596 1291 1745 1322 Ecclesiae
1762 1290 1815 1320 mi-

308 1348 415 1378 nistros
443 1348 488 1385 agi
523 1354 676 1384 oporteat,
706 1348 789 1375 etiam
817 1355 883 1375 cum
919 1347 1039 1376 maxime
1068 1346 1253 1376 animadverti
1284 1346 1376 1374 debet.
1427 1343 1498 1373 Non
1525 1340 1597 1373 lucri
1622 1350 1649 1372 et
1680 1349 1818 1379 quaestus

309 1398 431 1428 faciendi
459 1406 544 1426 causa
570 1407 653 1427 sacro
679 1405 793 1426 munere
817 1397 1015 1434 fungendum,
1039 1399 1088 1427 sed
1118 1399 1239 1427 aliorum
1266 1395 1426 1424 commodis
1449 1401 1478 1424 et
1500 1394 1700 1423 emolumentis
1730 1393 1821 1421 inser·

312 1449 407 1478 viendi
440 1449 539 1477 studio
570 1449 597 1477 id
621 1449 876 1477 administrandum
908 1456 970 1476 esse
989 1468 1000 1483 ,
1028 1448 1143 1476 divinus
1174 1447 1305 1483 Scriptor
1337 1448 1430 1475 docet.
1482 1446 1570 1483 Quod
1600 1453 1628 1474 et
1659 1443 1820 1481 Religionis

313 1500 425 1535 indoli,
458 1507 542 1535 quam
570 1499 743 1535 profitentur
768 1505 795 1525 et
820 1498 883 1526 aliis
911 1499 1077 1534 persuadere
1106 1499 1240 1532 student,
1271 1505 1299 1525 ct
1323 1497 1445 1526 consilio
1474 1498 1547 1526 sacri
1578 1496 1703 1525 muueris
1731 1501 1818 1530 quam

313 1557 536 1579 consentaneum
564 1551 622 1586 sit,
652 1551 717 1587 quis
739 1557 799 1578 non
825 1549 985 1586 intelligit?
1034 1549 1189 1578 Enimvero
1219 1548 1354 1577 omnibus
1390 1548 1565 1577 Christianis
1589 1555 1676 1583 opum
1700 1552 1727 1574 et
1745 1544 1820 1573 divi-

314 1601 415 1629 tiatum
447 1601 683 1637 concupiscentia
711 1600 812 1628 illicita
836 1606 863 1628 et
893 1600 996 1628 diserte
1020 1600 1169 1628 interdicta
1192 1606 1235 1628 est
1263 1600 1364 1636 (10).
1414 1599 1454 1628 Et
1477 1599 1550 1628 sacri
1580 1599 1692 1634 quidem
1724 1603 1823 1624 mune·

316 1652 356 1680 ris
382 1651 535 1680 consilium
563 1651 677 1679 minime
709 1659 742 1679 eo
768 1651 925 1686 spectavit,
954 1657 986 1678 ut
1016 1651 1128 1685 quidam
1158 1650 1306 1678 hominum
1335 1650 1406 1678 ordo
1430 1658 1464 1678 eo
1489 1648 1711 1677 administrando
1736 1647 1822 1674 habe·

318 1708 379 1736 ret,
402 1703 475 1729 unde
501 1702 577 1730 laute
604 1708 631 1729 et
661 1702 819 1730 honorifice
846 1701 951 1729 viveret
977 1708 1004 1728 et
1027 1710 1094 1736 prae
1118 1702 1234 1728 caeteris
1261 1700 1406 1729 emineret.
1450 1700 1480 1727 Si
1510 1699 1622 1735 quidem
1651 1705 1732 1725 sacro
1758 1704 1822 1724 mu-

315 1760 379 1780 nere
401 1751 553 1787 fungentes
578 1752 633 1780 hoc
661 1758 768 1779 tantuin
795 1751 849 1778 sibi
877 1751 997 1779 habeant
1024 1752 1230 1788 propositum,
1262 1757 1292 1779 ut
1318 1752 1379 1779 suis
1401 1751 1529 1786 ipsorum
1561 1748 1760 1777 emolumentis
1790 1752 1819 1776 et

314 1802 477 1830 commodis
503 1802 654 1836 studeant,
686 1810 741 1837 qua
776 1802 887 1830 tandem
919 1802 1026 1830 ratione
1061 1804 1122 1838 ejus
1150 1802 1250 1831 officiis
1284 1802 1459 1838 invigilando
1495 1800 1551 1829 dici
1584 1799 1698 1835 possint
1729 1799 1763 1826 de
1794 1805 1824 1826 re

314 1853 481 1882 Christiana
510 1853 579 1881 bene
605 1852 722 1888 mereri,
743 1859 829 1888 atque
852 1853 921 1881 adeo
945 1853 1023 1889 digni
1042 1853 1184 1890 judicati,
1207 1853 1313 1889 quibus
1337 1851 1467 1890 praestiti
1495 1851 1590 1887 operis
1614 1849 1736 1886 praemia
1752 1856 1822 1877 con-

1782 1897 1826 1927 fe·

350 1978 432 2012 (ro)
450 1980 530 2006 conf.
548 1988 579 2005 cx
604 1980 686 2006 multis
704 1980 767 2005 locis
785 1979 815 2005 ad
835 1979 885 2005 hoc
904 1987 1074 2012 argumentum
1095 1983 1276 2013 pertinentibus
1301 1982 1379 2009 Matt.
1396 1982 1449 2008 Vl:
1470 1987 1501 2013 19
1513 1999 1520 2012 ‚
1538 1988 1582 2006 20.
1608 1979 1674 2005 Luc.
1692 1976 1760 2003 xil:
1778 1981 1820 2007 23·

318 2033 326 2052 1
343 2026 410 2052 Tim.
430 2028 481 2053 Vl:
499 2033 514 2059 5
533 2036 590 2060 sqq.
