1946 2517
293 136 614 169 COMMENTATtO
643 145 685 167 At)
715 134 1018 174 QUAESTIONEM
1043 137 1387 170 PIIILOSOPHICAM.
1552 147 1588 179 53

340 401 658 436 CAPUT
755 401 1331 437 SECUN-DUM.

132 517 477 544 onsthATIOst
507 516 705 545 QUAEDAM
733 516 774 537 IN
800 516 1109 538 LEIBNITZIANA
1139 517 1337 540 DOGMATA
1366 518 1415 539 DE
1446 519 1533 541 CON-

394 567 634 597 JUNCTIONE
665 567 873 589 VIRTUTls
903 569 951 589 ΕΤ
981 568 1262 590 FELICl'rA'rls.

74 674 213 741 Multa
239 720 399 749 magnaque
418 713 488 742 vitia
518 712 547 742 in
576 711 788 742 Leibnitzianis
819 713 1001 749 dogmatibus
1025 713 1182 743 ostendunt
1213 713 1266 742 viri
1291 713 1379 742 docti.
1422 711 1529 742 Nonne
1552 719 1594 742 ta·

76 770 139 790 men
164 763 304 792 videretur
333 765 429 793 eodem
457 763 514 792 fere
538 765 626 792 modo
653 764 686 792 de
713 763 913 793 Leibnitziana
940 764 1131 800 Philosophia
1157 763 1342 800 judicandum
1368 771 1452 797 esse,
1474 771 1533 798 quo
1561 763 1594 790 de

75 813 222 849 principio
248 815 349 843 morali
369 816 530 851 indagando
549 815 690 852 judicavit
712 815 761 843 Cl.
783 814 855 843 Cras
877 816 967 852 (1):
990 815 1061 843 hanc
1082 822 1126 843 sc.
1149 814 1372 849 Philosophiam
1387 834 1397 847 ‚
1429 834 1447 848 „
1463 813 1498 841 ad
1515 822 1595 841 com—

76 864 172 892 munis
200 865 274 894 vitae
299 874 397 894 usum·
413 866 484 895 satis
508 872 602 902 aptam
632 874 694 894 esse
718 873 750 894 ac
775 865 924 900 sufficere,
952 867 1001 895 sed
1028 867 1063 894 ad
1093 867 1244 894 doctrinae
1273 865 1432 894 firmitatam
1457 875 1489 895 ac
1515 874 1597 902 prae.

76 914 212 943 stantiam
246 917 395 946 minime.·’
440 913 530 952 quue
556 915 680 945 fortasse
708 916 812 944 eruditi
839 924 873 945 eo
902 917 993 952 magis
1024 917 1284 952 reprehendendum
1314 924 1505 952 censuerunt,
1535 926 1594 953 quo

77 963 184 993 Schola
211 965 355 996 Wolfiana
383 975 417 995 ex
449 967 650 996 Leibnitziana
682 975 765 1002 orta,
796 967 958 1001 praesertim
983 968 1172 997 scientificam
1203 969 1281 996 illam
1308 975 1335 996 et
1364 968 1591 997 mathematicam

80 1015 306 1053 philosophandi
331 1019 469 1047 rationem
491 1019 574 1055 quasi
600 1017 750 1048 affectabat
771 1017 844 1054 (2).

114 1067 185 1095 Non
213 1075 244 1096 ea
269 1076 333 1096 sum
364 1070 543 1105 temeritate,
577 1076 609 1097 ut
638 1069 672 1097 de
700 1068 916 1097 Leibnitzianae
951 1069 1074 1097 Scholae
1108 1068 1293 1105 dogmatibus
1315 1070 1456 1106 Judicium
1483 1069 1592 1106 feram,

77 1118 128 1148 sed
157 1118 231 1148 illud
259 1121 358 1149 saltem
389 1122 540 1150 observare
572 1122 689 1158 licebit,
719 1129 846 1157 magnam
877 1120 965 1148 videti
1003 1121 1203 1155 praestantiam
1239 1120 1475 1157 conjunctionis,
1504 1129 1589 1156 quam

74 1167 276 1199 Leibnitziana
300 1170 406 1201 Schola
431 1172 506 1201 inter
532 1172 666 1201 virtutem
691 1180 718 1201 et
743 1172 908 1201 felicitatem
934 1173 1111 1208 constituit,
1141 1173 1216 1201 illam
1244 1173 1356 1202 scilieet
1379 1181 1436 1208 qua
1465 1173 1592 1202 hominis

74 1217 198 1247 felicitas
226 1229 279 1256 pro
311 1221 421 1250 ratione
446 1221 636 1258 perfectionis
666 1229 798 1259 augetur.

112 1269 143 1298 Si
165 1270 323 1300 scientifica
342 1272 453 1301 ratione
482 1273 554 1301 hanc
576 1273 789 1309 philosophiam
818 1275 873 1304 sub
891 1283 1006 1305 examen
1031 1284 1203 1312 revocatur,
1231 1277 1354 1305 multum
1381 1276 1405 1305 ei
1429 1277 1525 1304 deesse
1547 1276 1589 1303 di-

73 1320 151 1349 citur
168 1327 195 1350 et
220 1321 364 1351 firmitatis
389 1331 416 1352 et
435 1324 595 1357 evidentiae
615 1333 753 1360 quoque,
776 1327 826 1354 sed
852 1327 885 1355 ad
909 1335 1090 1355 communem
1112 1327 1198 1355 vitam
1221 1328 1373 1364 regundam
1394 1327 1483 1356 multa
1503 1334 1592 1362 eaque

60 1371 184 1407 toptima
208 1381 223 1401 a
251 1372 452 1403 Leibnitziana
482 1375 589 1403 Schola
610 1375 706 1406 doceri
734 1377 878 1406 videntur.

113 1421 190 1451 Cum
217 1423 340 1459 Epicuri
371 1425 476 1454 Schola
503 1427 614 1462 vulgari
644 1427 840 1457 mediocritate
867 1435 1026 1464 contenta,
1048 1436 1074 1456 et
1101 1436 1132 1457 se
1162 1427 1191 1456 in
1219 1428 1445 1463 Tranquillitate
1470 1436 1522 1461 sua
1549 1434 1593 1456 at·

76 1481 133 1509 que
157 1473 316 1503 indolentia
342 1475 519 1511 involvens,
547 1477 634 1505 animi
661 1479 884 1514 magnitudinem
911 1486 938 1507 et
964 1479 1165 1513 nobilitatem,
1194 1480 1219 1507 si
1247 1487 1306 1507 non
1333 1487 1453 1514 prorsus
1485 1476 1592 1506 exstin-

74 1524 155 1561 guit,
172 1530 264 1553 tamen
283 1524 393 1553 nullum
415 1525 450 1554 iis
474 1535 567 1562 neque
587 1527 751 1558 alimentum
770 1538 863 1565 neque
882 1530 1097 1558 incitamentum
1115 1531 1247 1565 praebet3
1269 1538 1335 1558 cum
1355 1530 1468 1564 stoici,
1491 1537 1591 1564 quarn-

76 1583 160 1610 quam
185 1577 218 1604 de
242 1575 458 1612 pulchritudine
476 1578 602 1608 Virtutis
629 1580 855 1616 ratiocinantes,
876 1581 1026 1609 humanam
1046 1588 1174 1609 naturam
1198 1580 1254 1609 fere
1281 1580 1416 1609 oblivisci
1434 1580 1587 1615 videntur,

74 1625 274 1656 Leibnitziana
299 1628 486 1665 philosophia
515 1630 657 1665 praeclare
683 1631 712 1659 in
738 1631 802 1667 ipsa
824 1630 1002 1660 Perfectione
1029 1631 1192 1660 felicitatem
1222 1632 1318 1667 ponit.

115 1676 222 1706 Nonne
244 1678 376 1708 homines
399 1686 510 1715 semper
530 1679 559 1708 ln
580 1681 711 1716 periculo
738 1688 888 1711 versantur
911 1689 979 1710 cum
1003 1681 1124 1711 sistendi
1151 1688 1212 1711 tum
1238 1682 1450 1719 retrogradendi
1475 1682 1505 1711 in
1525 1681 1589 1710 Vir·

1546 1739 1592 1761 tu-

231 1774 243 1789 θ

106 1830 121 1862 (
131 1831 168 1865 ι)
187 1832 337 1859 Dissertatio
353 1832 383 1858 de
400 1833 527 1866 principiis
551 1832 682 1861 doctrinae
694 1843 810 1867 morum,
836 1843 863 1869 p.
877 1842 909 1869 35
926 1837 951 1862 in
974 1836 1028 1862 vol.
1042 1836 1124 1863 XXX.
1147 1835 1282 1862 societatis
1309 1833 1485 1861 Harlemensis.

104 1876 171 1910 (2)
192 1880 226 1904 Ut
251 1886 282 1904 ex
305 1878 434 1904 Wolfianis
457 1881 556 1912 scriptis
577 1888 699 1913 apparet:
733 1883 765 1908 de
797 1883 842 1908 hac
869 1882 1063 1915 philosophandi
1084 1884 1181 1908 ratione
1205 1883 1311 1914 ejusque
1343 1881 1409 1905 vitiis
1432 1879 1521 1904 diserte
1535 1878 1588 1911 egit

68 1924 110 1950 vir
129 1925 289 1950 doctissimus
312 1926 420 1951 charles
442 1926 531 1950 villers
549 1927 573 1951 in
598 1928 698 1960 egregio
722 1935 746 1954 et
771 1928 885 1955 dilucido
908 1936 1000 1962 opere:
1031 1928 1161 1961 Principes
1182 1928 1378 1954 fondamentaux
1401 1925 1433 1952 de
1461 1926 1483 1951 la
1502 1925 1589 1952 Philo-

72 1971 162 2002 sop'nie
180 1971 423 2002 'l'ramcendeutale‚
449 1979 477 2003 p.
491 1977 618 2004 35-41.

846 2019 913 2056 Ga
