1946 2517
439 171 670 204 RESPONSlO
692 181 735 203 AD
759 171 1063 210 QUAESTIONEM
1085 170 1404 204 THEOLOGICAM.
1643 181 1681 210 29

161 259 308 295 parte‘tot
330 263 465 292 tantaque
488 257 584 291 bona,
612 256 843 291 oblectamenta,
871 262 898 283 et
924 258 1111 287 amoenitates
1144 257 1258 293 saepius
1292 256 1417 284 muneris
1439 255 1512 284 sacri
1539 255 1676 284 exercitio

159 311 299 339 accedunt
321 331 331 346 ,
358 317 390 338 ιιι
425 308 509 338 facile
544 310 580 339 iis
613 317 673 338 non
704 309 796 336 dicam
829 309 1035 344 aequiparanda
1071 309 1121 337 sed
1152 308 1332 345 praeferenda
1364 308 1423 336 sint
1445 327 1455 342 ,
1483 306 1589 341 quibus
1622 306 1674 334 alii

157 363 290 398 gaudent.

196 413 304 441 Vereor
330 419 442 448 tamen,
472 419 504 440 ut
534 418 611 440 recte
632 418 696 448 agat
716 412 760 447 is,
789 412 839 447 qui
864 413 1024 441 ministerio
1055 421 1135 440 sacro
1162 412 1246 448 fungi
1269 411 1387 447 cupiat,
1419 418 1516 438 eorum
1544 418 1672 438 commo-

161 464 262 492 dorum
283 470 309 491 et
333 464 594 491 emolumentorum
626 463 756 499 inprimis
782 463 876 491 habita
903 464 1020 491 ratione.
1065 464 1110 491 Ne
1135 464 1209 491 enim
1234 464 1345 496 dicant,
1368 470 1422 490 tam
1444 470 1527 498 grave
1548 468 1574 489 et
1590 469 1672 489 sanc·

159 520 220 542 tum
238 523 300 543 esse
325 514 399 542 illud
428 521 553 548 munus,
575 519 607 541 ut
631 514 750 542 omnino
775 521 858 549 turpe
884 521 910 541 et
934 516 1070 542 vitiosum
1094 517 1152 548 sit,
1184 523 1217 542 eo
1243 515 1383 549 imprimis
1409 514 1533 541 consilio
1562 514 1591 541 id
1618 522 1670 548 ap-

156 573 270 602 petere,
292 565 377 594 fallax
406 567 504 601 utique
531 573 559 594 et
588 565 699 594 infirma
724 574 844 601 prorsus
870 571 955 600 atque
982 567 1088 593 incerta
1117 566 1166 593 illa
1191 566 1308 594 dicenda
1335 572 1379 593 est
1401 566 1493 599 ratio,
1525 572 1596 600 quae
1621 564 1672 592 bo-

156 618 203 649 nis
231 623 258 646 et
288 616 450 645 commodis
483 617 669 645 terrestribus
696 617 877 652 acquirendis
915 617 998 645 unice
1022 619 1067 645 vel
1089 617 1243 652 praecipue
1266 617 1372 645 intenta
1400 617 1450 645 sit.
1491 617 1592 645 Petrus
1611 624 1670 643 cer-

155 676 184 699 te
218 669 322 698 diserte
355 675 484 704 vetans,
521 678 556 698 ne
586 670 747 706 Presbyteri
783 678 897 698 munere
930 668 1072 697 divinitus
1109 669 1241 696 mandato
1279 667 1436 704 fungintur
1474 669 1668 704 αἱεχρσκερδῶς

155 721 263 759 (conf.
287 719 361 749 infra
385 720 438 748 hac
465 720 499 747 de
527 728 556 747 re
581 720 700 750 dicenda
727 721 807 751 Sect.
828 722 877 759 1.)
902 721 958 750 hoc
982 728 1094 750 tantum
1122 728 1223 756 operae
1251 720 1321 748 bene
1355 728 1484 756 peractae
1511 728 1667 756 praemium

153 771 317 808 proponit,
345 772 392 800 τὸν
428 770 609 806 ἀμαράντινον
637 775 685 804 τῆς
716 772 794 806 δόξης
825 773 973 809 στέφανον.
1023 772 1104 799 illius
1123 771 1210 807 igitur
1234 771 1413 806 accipiendae
1435 779 1488 807 spe
1522 771 1672 799 ministros

157 831 256 852 sacros
285 829 396 857 semper
421 821 542 857 gaudere
569 827 706 856 oportet,
735 828 821 857 atque
851 824 952 859 ingens
984 824 1044 860 ejus
1079 822 1202 859 pretium
1230 831 1313 858 saepe
1337 823 1435 851 animo
1459 822 1599 856 recolere,
1627 829 1671 849 se-

153 874 223 902 dulo
248 871 302 900 sibi
334 879 488 906 caventes,
508 879 543 900 ne
573 879 624 907 per
647 872 742 900 inania
765 879 850 908 atque
873 873 1026 902 inhonesta
1046 873 1251 902 oblectamenta
1277 874 1312 901 ab
1341 873 1442 902 officiis
1472 872 1576 901 debitis
1601 881 1671 900 avo-

154 930 268 953 centur.
307 923 373 952 Dici
398 931 457 951 non
483 929 600 958 potest,
630 931 715 958 quam
742 922 841 952 efficax
866 933 897 952 ea
920 926 1036 960 praemii
1062 925 1199 961 promissi
1225 925 1264 953 sit
1288 924 1496 953 animadversio
1522 924 1557 952 ad
1580 923 1668 951 animi

152 975 351 1004 fortitudinem
377 979 405 1001 et
431 974 643 1008 constantiam,
675 982 731 1009 qua
763 975 904 1011 quicquid
931 983 975 1004 est
1005 978 1144 1006 malorum
1172 983 1198 1005 et
1227 977 1488 1012 contumeliarum,
1517 976 1664 1010 religionis

152 1035 239 1056 causa
267 1025 395 1054 alacriter
419 1025 512 1053 subiri
548 1033 574 1054 et
599 1033 717 1055 strenue
741 1027 859 1063 perferri
879 1029 984 1064 possit.
1007 1044 1044 1052 —-
1064 1028 1239 1064 intelligitur
1260 1036 1328 1056 vero
1351 1036 1385 1055 ex
1411 1027 1569 1055 arctissima
1585 1034 1665 1062 prae-

153 1078 204 1113 mii
229 1076 372 1112 propositi
395 1078 599 1112 connexione,
623 1077 767 1106 infelicem
797 1086 896 1108 contra
921 1080 1049 1108 futuram
1081 1088 1144 1108 esse
1169 1086 1275 1109 sortem
1299 1088 1417 1113 eorum,
1448 1080 1499 1115 qui
1525 1088 1585 1108 non
1611 1088 1665 1116 ea,

152 1137 208 1164 qua
233 1136 281 1164 par
304 1134 367 1161 est,
397 1129 502 1162 pietate
537 1128 588 1155 hac
613 1128 644 1156 in
667 1137 696 1156 re
723 1130 827 1157 versati
850 1130 919 1158 sint.
962 1130 1140 1160 Crivissima
1167 1130 1236 1159 alibi
1265 1132 1293 1159 in
1323 1131 1395 1158 hanc
1425 1138 1480 1158 rem
1512 1130 1594 1159 effata
1619 1140 1668 1159 oc-

149 1185 271 1208 currunt
293 1178 383 1205 veluti
413 1177 509 1207 1Cor.
531 1178 593 1214 lx,
622 1185 649 1206 et
672 1179 766 1215 ipsius
786 1180 855 1217 Jesu
884 1180 974 1210 Matt.
995 1182 1058 1212 VII.
1108 1182 1192 1211 Petro
1221 1189 1288 1210 vero
1318 1189 1377 1210 non
1407 1182 1502 1211 visum
1532 1181 1606 1218 fuit,
1627 1182 1672 1212 di-

149 1236 252 1259 sertam
275 1228 327 1256 hac
353 1229 386 1256 de
412 1237 440 1256 re
466 1228 556 1257 facere
583 1230 767 1259 mentionem.

187 1280 303 1308 Adsunt
331 1279 361 1307 in
388 1279 454 1307 loco
481 1279 597 1308 Petrino
624 1280 747 1316 insignia
778 1281 961 1311 incitamenta
984 1283 1018 1311 ad
1042 1292 1148 1312 munus
1174 1292 1285 1313 sacrum
1310 1284 1490 1313 ambiendum
1515 1290 1544 1312 et
1567 1283 1662 1320 magni

146 1330 331 1365 faciendum,
353 1339 426 1365 quae
451 1331 569 1359 silentio
590 1332 814 1366 praetermittere
840 1334 925 1362 nobis
952 1343 1011 1363 non
1039 1336 1118 1364 licet.
1162 1336 1319 1365 Enimvero
1346 1335 1413 1371 quis
1439 1342 1546 1370 neget,
1575 1343 1661 1370 quam

148 1382 271 1411 maxime
297 1380 489 1410 honorificum
513 1382 586 1410 illud
612 1382 773 1412 habendum
801 1393 863 1413 esse
889 1394 1012 1421 munus,
1035 1395 1093 1421 quo
1125 1387 1292 1422 quicunque
1314 1386 1469 1422 fungatur,
1493 1387 1518 1414 is
1539 1386 1664 1423 collegio

146 1431 192 1460 illi
221 1439 332 1460 summe
357 1433 512 1461 venerabili
538 1434 701 1469 adscriptus
728 1429 788 1470 sit,
814 1437 898 1473 cujus
924 1437 987 1472 ipse
1013 1438 1129 1466 divinus
1151 1437 1238 1474 Jesus
1262 1444 1289 1465 et
1309 1443 1409 1465 auctor
1435 1443 1462 1464 et
1489 1445 1602 1472 praeses
1626 1438 1668 1466 sit

148 1483 332 1520 perpetuus?
373 1483 524 1519 Quicquid
549 1486 676 1512 muneris
700 1486 773 1514 ratio
799 1486 938 1522 requirit,
960 1488 1045 1515 llltus
1070 1488 1187 1516 nomine
1213 1494 1300 1523 atque
1331 1495 1365 1515 ex
1390 1487 1471 1515 illius
1498 1489 1667 1518 auctoritate

147 1534 337 1570 peragendum
361 1541 423 1567 εει,
443 1541 470 1561 et
492 1543 681 1571 quaecunque
705 1536 762 1564 huc
786 1537 927 1572 pertinent
944 1538 1056 1573 officia,
1076 1539 1202 1574 ingenuo
1227 1545 1253 1566 et
1276 1537 1386 1567 liberali
1409 1538 1524 1566 homine
1546 1540 1666 1569 omnino

149 1584 318 1620 dignissima
353 1591 444 1619 sunt,
476 1593 598 1619 quorum
629 1587 784 1616 consilium
826 1594 937 1624 spectat
964 1589 999 1617 ad
1030 1590 1176 1617 doctrinae
1206 1595 1234 1617 et
1266 1589 1431 1617 meritorum
1458 1589 1527 1625 Jesu
1550 1589 1664 1618 Christi

149 1634 269 1663 effectus
294 1642 378 1669 quam
408 1635 529 1663 maxime
555 1638 714 1673 salutares,
736 1640 803 1674 ipso
832 1640 985 1675 adjuvante
1012 1639 1159 1668 Ecclesiae
1185 1639 1280 1676 Rege,
1303 1643 1330 1668 in
1357 1641 1446 1667 lucem
1473 1639 1663 1675 proferendos

147 1693 175 1714 et
201 1687 286 1722 longe
311 1685 424 1721 lateque
452 1687 675 1724 dispergendos,
706 1696 792 1725 atque
818 1691 886 1719 adeo
905 1693 939 1719 ad
963 1699 1072 1719 summa
1100 1692 1224 1719 humano
1256 1691 1349 1726 generi
1368 1691 1443 1718 bona
1462 1698 1489 1718 et
1508 1692 1660 1720 commoda

145 1736 302 1771 afferenda,
324 1742 350 1764 et
370 1737 475 1772 gloriae
491 1738 545 1766 D:i
563 1747 594 1767 ac
607 1739 675 1775 Jesu
694 1740 826 1776 Christi,
844 1750 940 1770 eorum
961 1743 1089 1770 omnium
1109 1742 1254 1777 auctoris,
1274 1741 1494 1770 inserviendum.
1539 1742 1576 1770 Et
1596 1748 1665 1770 sunt

146 1787 214 1815 haec
239 1787 404 1823 ejusmodi,
428 1794 458 1816 ut
478 1797 562 1817 nemo
588 1798 666 1826 non,
692 1792 737 1819 his
757 1793 835 1820 curis
853 1793 982 1821 studiose
1008 1800 1035 1820 et
1061 1793 1195 1828 religiose
1223 1800 1405 1828 occupatus,
1435 1793 1500 1821 aliis
1524 1793 1665 1821 continuo

146 1838 326 1866 inserviendo
354 1837 414 1866 suis
436 1840 497 1874 ipse
525 1840 610 1869 rebus
638 1842 726 1870 simul
751 1851 934 1879 summopere
957 1845 1113 1878 consulat,
1136 1845 1170 1873 ad
1193 1845 1281 1873 vitam
1307 1851 1381 1872 recte
1408 1843 1544 1878 beateque
1570 1849 1665 1871 trans·

145 1889 272 1925 igendam
303 1895 330 1916 et
355 1889 475 1918 salutem
505 1900 538 1919 ac
565 1891 728 1922 felicitatem
765 1901 903 1923 aeternam
929 1895 1154 1930 adipiscenjam.

186 1942 342 1974 superest,
379 1947 411 1968 ut
446 1942 534 1970 verbo
567 1944 659 1972 adhuc
696 1954 823 1974 moneam
856 1946 888 1974 dc
921 1946 1049 1974 omnium
1081 1946 1279 1974 ministrorum
1323 1954 1490 1981 sacrorum,
1521 1947 1599 1982 quod
1626 1947 1661 1975 ad

147 1989 271 2019 muneris
301 1990 427 2019 rationes
460 1992 582 2030 attinet,
612 1997 806 2034 aequalitate,
835 2005 919 2034 quam
951 2004 984 2024 ex
1013 1998 1225 2034 hac‚peric0pa
1249 1998 1423 2033 Apestolica
1454 1997 1575 2034 intelligi
1599 2005 1659 2025 non

936 2047 963 2076 D
986 2055 1003 2084 3
1613 2048 1665 2076 du·
