1946 2517
692 177 1076 213 ORATIO:
1585 179 1630 214 'u

156 277 330 323 reputati6‚
351 282 384 309 et
399 281 546 318 reputare
567 275 691 318 saepius
706 275 772 306 Vos
789 273 944 313 arbitror,
967 272 1078 305 iisdem
1091 295 1102 312 ,
1126 269 1245 316 quibus
1262 282 1313 305 me
1332 270 1438 311 insum
1449 299 1459 313 ‚
1483 279 1538 304 aut
1554 284 1621 305 non

155 336 295 369 multum
323 335 456 367 diversis
473 334 589 372 rebus,
612 331 773 364 interdum
796 332 924 374 gravius
945 331 1141 362 commoveri
1159 340 1195 361 ac
1212 329 1384 362 sollicitari.
1429 331 1483 360 Est
1511 335 1617 361 autem

157 393 272 425 harum
288 393 547 436 gravissimarum
566 399 689 427 rerum,
711 399 792 431 quae
817 388 870 419 hic
891 387 985 420 nobis
1003 387 1099 419 simul
1119 393 1150 419 et
1170 397 1238 418 uno
1256 389 1345 430 quasi
1371 385 1540 417 oculorum
1564 386 1622 416 ob·

156 455 233 482 tutu
254 449 434 482 offeruntur
447 473 456 488 ‚
479 455 543 479 tam
572 448 727 478 immensa
748 445 835 489 sylva
855 456 891 477 ac
908 446 1014 489 copia,
1035 451 1181 488 utquam
1200 444 1356 487 primam,
1381 452 1478 487 quam
1503 448 1623 486 postre-

160 516 247 538 mam
270 507 424 549 attingam
455 511 510 536 aut
539 513 787 535 commemorem
802 525 812 540 ,
846 513 948 546 paene
973 502 1099 533 nescius
1124 502 1195 532 sim.

204 563 332 601 Solent,
362 562 420 605 qui
450 572 500 592 res
519 567 622 603 gestas
645 561 816 592 memoriae
843 558 993 596 tradunt,
1025 568 1154 590 omnem
1187 557 1314 588 illarum
1345 555 1510 588 historiam
1538 555 1625 588 haud

156 630 248 652 secus
269 625 363 661 atque
382 619 550 650 hominum
577 624 675 648 vitam
706 617 739 647 in
768 625 869 649 certas
897 617 1039 648 tribuere
1067 621 1180 647 aetates
1200 621 1230 646 et
1251 620 1394 645 accurate
1413 614 1544 652 docere,
1567 613 1626 656 qui

157 675 278 708 fuerint
303 675 440 718 singulis
461 674 617 705 aetatibus
635 673 830 717 populorum
851 685 976 712 mores,
1000 673 1093 717 quale
1117 672 1285 715 ingenium
1306 678 1338 703 et
1365 673 1514 702 universe
1541 681 1623 712 quae

160 735 195 767 in
223 735 319 767 rebus
352 733 505 777 gerundis
536 734 617 764 ratio
650 744 686 764 ac
716 733 896 775 disciplina.
949 734 976 764 A
1007 741 1073 773 quo
1095 730 1287 771 scriptorum
1316 738 1406 758 more
1432 727 1494 757 hoc
1519 725 1629 762 fluxit,

154 797 196 823 ut
217 793 385 822 universae
404 793 548 834 Europae
575 789 706 820 historia
731 791 909 827 recentior,
933 798 1015 830 quae
1042 785 1181 822 dicitur,
1207 783 1246 814 ab
1270 782 1429 813 historicis
1451 782 1568 811 nostris
1589 780 1630 811 ad

160 853 225 879 tres
243 848 412 891 praecipue
431 852 545 878 aetates
569 844 732 878 referatur.
775 847 812 876 In
831 854 968 888 quarum
984 841 1086 885 prima
1106 841 1224 872 exstitit
1243 839 1406 882 religionis
1427 840 1541 869 veteris
1559 843 1630 868 tum

161 903 347 936 retinendae
374 910 444 935 tum
469 901 685 934 emendandae
710 900 852 932 studium
878 900 1092 937 acerrimum,
1114 904 1144 928 et
1169 896 1257 940 quod
1283 895 1358 927 inde
1373 893 1548 926 conflatum
1567 899 1631 933 est,

163 960 293 992 crudele
305 961 438 1003 triginta
455 969 616 990 annorum
635 958 767 990 bellum.
799 959 954 989 Successit
970 956 1046 987 huic
1064 954 1159 986 altera
1178 960 1278 991 aetas,
1297 962 1371 984 cum
1388 953 1506 994 pacatis
1522 950 1632 981 civita-

162 1017 250 1048 tibus
274 1027 373 1060 opum
398 1027 433 1048 ac
456 1016 641 1047 divitiarum
664 1014 822 1058 cupiditas
843 1016 886 1046 ita
916 1012 1116 1057 populorum
1142 1010 1271 1053 ingenia
1296 1008 1455 1045 exercuit,
1487 1012 1523 1037 ut
1547 1005 1634 1037 aliud

161 1072 246 1104 nihil
270 1073 409 1116 cogitare
432 1073 639 1111 viderentur,
662 1082 759 1115 quam
788 1070 935 1103 fortunae
957 1068 1204 1103 abundantiam,
1237 1071 1268 1096 et
1291 1062 1564 1107 quemadmodum
1588 1073 1629 1093 ex

156 1128 284 1160 xdamno
303 1135 335 1160 et
355 1129 488 1171 injuria,
510 1128 641 1159 finitimi
665 1129 823 1170 cujusque
848 1126 960 1170 populi
983 1129 1177 1155 mercaturae
1196 1128 1228 1152 et
1249 1119 1504 1163 possessionibus
1522 1118 1626 1157 illata,

163 1185 227 1228 ipsi
240 1191 415 1216 crescerent
426 1207 435 1223 ,
447 1191 478 1215 et
494 1190 695 1226 augerentur.
725 1186 814 1214 Hanc
834 1184 976 1213 insecuta
995 1186 1062 1218 est,
1078 1180 1125 1210 uti
1136 1188 1192 1221 par
1208 1182 1293 1214 erat,
1308 1175 1399 1207 tertia
1411 1181 1494 1206 aetas
1506 1199 1516 1216 ‚
1533 1185 1632 1218 quam

163 1239 296 1273 ferream
320 1247 405 1272 recte
436 1241 619 1278 vocaveris,
643 1241 707 1283 qua
733 1239 897 1271 exhaustis
917 1237 986 1281 ipsa
1010 1235 1140 1268 avaritia
1163 1232 1290 1265 aerariis
1304 1254 1314 1270 ‚
1346 1241 1455 1262 rerum
1482 1228 1631 1262 omnium

156 1297 343 1340 desperatio
361 1297 486 1329 animos
502 1298 696 1335 occaecavit,
722 1296 762 1328 ad
777 1306 864 1327 arma
882 1294 1054 1334 excitavit,
1077 1290 1273 1335 respublicas
1288 1288 1414 1321 evertit.

206 1355 245 1387 In
267 1365 348 1398 quae
366 1354 544 1385 novissima
569 1360 712 1397 tempora
737 1353 815 1384 haec
843 1351 907 1383 fere
932 1357 1015 1381 aetas
1043 1355 1169 1385 nostra,
1194 1356 1275 1389 quae
1297 1353 1420 1376 novum
1441 1341 1481 1374 ab
1505 1342 1631 1385 integro

162 1414 271 1442 rerum
292 1409 435 1443 ordinem
454 1410 656 1442 constituisse
680 1409 826 1447 videtur,
849 1407 980 1446 incidit3
1003 1406 1042 1437 de
1068 1405 1161 1447 cujus
1187 1402 1318 1445 ingenio
1343 1409 1418 1432 cum
1437 1399 1504 1441 jam
1523 1410 1622 1442 quae-

162 1473 273 1506 ratur,
296 1467 356 1499 etsi
378 1466 508 1499 difficile
527 1473 575 1498 est
597 1466 738 1510 judicare
768 1471 934 1509 propterea
959 1462 1049 1507 qnod
1076 1462 1131 1493 vix
1151 1460 1220 1491 sine
1240 1457 1316 1489 odio
1347 1462 1402 1487 aut
1423 1466 1531 1486 amore
1559 1454 1634 1487 fieri*

165 1526 286 1567 possit,
307 1530 414 1555 tamen
432 1523 494 1555 hoc
511 1523 608 1555 libere
631 1523 810 1566 praedicare
837 1522 957 1559 ausim,
980 1530 1050 1551 eam
1073 1516 1188 1548 habere
1206 1515 1289 1546 hanc
1305 1518 1438 1545 aetatem
1460 1511 1580 1554 ingenii
1600 1521 1639 1560 ac¹

165 1590 294 1611 morum
317 1587 446 1619 notam,
471 1587 509 1612 ut
529 1591 567 1612 ex
583 1578 803 1623 superioribus
819 1576 992 1614 aetatibus,
1016 1573 1127 1618 quales
1149 1571 1248 1604 modo
1275 1569 1560 1606 adumbravimus,
1582 1567 1633 1598 ni·

167 1636 212 1669 hil
233 1637 362 1680 quidem
382 1643 505 1669 certum
524 1647 560 1668 ac
581 1635 765 1678 singulare,
794 1634 849 1666 sed
868 1631 1028 1677 quidquid
1051 1632 1086 1662 in
1104 1627 1239 1672 singulis
1260 1633 1438 1658 extremum
1459 1630 1560 1663 esset,
1579 1633 1635 1654 ex-

166 1694 337 1736 promsisse
351 1694 505 1726 videatur.
550 1692 651 1736 Quod
674 1699 709 1724 ut
725 1698 809 1723 reete
830 1690 1064 1732 intelligamus,
1085 1697 1152 1718 rem
1175 1683 1271 1728 paulo
1298 1682 1484 1725 diligentius
1507 1691 1633 1712 mecum

167 1750 387 1787 considerate,
424 1750 592 1781 Auditores
615 1745 866 1791 Exoptatissimi!

213 1805 300 1846 Quid
320 1817 397 1837 vero
418 1807 481 1849 jam
509 1805 612 1836 dicam
634 1804 674 1836 de
701 1807 821 1848 primae
848 1801 974 1840 aetatis,
1004 1800 1043 1832 de
1067 1810 1130 1843 qua
1160 1798 1225 1830 orsi
1250 1806 1376 1834 sumus,
1397 1792 1640 1830 emolumentis,

170 1861 203 1893 id
229 1869 276 1894 est
293 1863 333 1894 de
361 1863 532 1906 religione,
564 1872 646 1905 quae
669 1871 782 1892 omnes
807 1859 954 1892 omnium
977 1858 1121 1889 caritates
1142 1854 1309 1898 complecti
1337 1859 1368 1884 et
1395 1851 1559 1882 civitatum
1587 1847 1642 1879 fir-

170 1919 350 1950 missimum
377 1930 443 1951 esse
472 1918 565 1950 debet
591 1917 806 1961 praesidium?
859 1916 1021 1949 Laudatur
1048 1922 1079 1947 et
1104 1914 1267 1946 extollitur
1292 1922 1361 1943 rara
1392 1916 1571 1951 temporum
1596 1899 1640 1937 fe-

172 1972 287 2014 licitas,
301 1975 388 2018 quod
405 1978 438 2007 in
454 1976 648 2007 sanctissima
664 1984 697 2006 re
713 1974 830 2006 tuenda
847 1981 877 2006 et
892 1974 931 2005 ad
948 1974 1046 2006 seculi
1063 1983 1166 2005 mores
1187 1966 1437 2006 conformanda,
1457 1964 1644 2010 prudentiae

909 2034 933 2063 B
956 2043 974 2063 2
1613 2025 1645 2051 et
