1946 2517
282 122 597 154 COMMENTATIO
617 132 662 154 AD
682 122 984 163 QUAESTIONEM
1005 123 1345 158 PHILOSOPHICAM.
1533 137 1570 168 35

57 218 107 240 nes
135 214 222 238 vanas
244 213 271 235 et
294 207 412 236 inutiles
435 206 614 236 vocantem”
641 208 759 236 omnino
786 207 891 237 Cicero
912 209 1070 238 audiendus
1097 215 1155 238 erat
1182 209 1239 247 (de
1266 209 1330 240 Fin.
1357 210 1407 240 111.
1427 212 1504 249 24.)
1520 219 1569 240 aut

52 266 127 289 certe
151 259 176 288 si
203 258 263 287 fieri
291 265 391 295 posset
413 258 592 288 refutandus.
637 279 655 294 „
675 258 753 287 Num
779 260 883 289 doceas
909 261 1078 296 paratiorem
1105 269 1149 290 me
1174 262 1208 290 ad
1231 264 1464 290 contemnendam
1482 272 1567 299 pecu-

51 312 126 340 niam
150 309 212 339 fore
232 309 356 338 siillam
378 310 407 338 in
428 311 512 338 rebus
531 311 684 348 propositis
706 318 789 345 quam
810 311 834 338 si
855 312 882 339 in
908 311 985 339 honis
1007 312 1158 341 duxerim?
1179 312 1385 348 fortioremque
1410 314 1439 341 in
1459 317 1568 349 patien-

51 365 89 392 do
106 363 223 398 dolore,
244 361 270 390 si
298 370 361 390 enm
386 369 517 398 asperum
540 369 568 390 et
593 361 734 390 difficilem
761 369 919 398 perpessu,
942 371 1026 399 quam
1048 363 1074 392 si
1099 364 1203 392 malum
1228 364 1347 394 duxero.
1382 364 1435 393 Cf.
1455 365 1568 393 Plutar-

46 415 142 450 chus,
171 413 195 443 l.
215 421 244 442 c.
272 422 300 442 c.
320 422 368 451 24.

88 466 178 495 Porro
206 465 356 500 quomodo
389 464 491 502 speciei
513 463 717 500 (productis)
745 462 794 491 illa
822 464 912 492 tribui
936 471 1081 501 possunt,
1109 474 1180 502 quae
1205 467 1238 495 de
1271 476 1376 506 genere
1404 468 1564 503 negantur?

52 516 261 554 Indiffcrentia
289 517 363 544 enim
391 523 421 543 ea
450 521 558 550 vocat,
589 523 660 550 quae
684 523 777 550 neque
806 522 930 551 prosunt
963 525 1057 553 neque
1082 517 1214 553 obsunt,
1242 525 1269 546 et
1299 520 1440 555 producta
1471 519 1568 557 (quae

51 577 94 602 est
124 568 236 604 species
266 567 515 604 indifferentium)
544 568 678 602 prodesse
703 567 868 603 significat,
891 568 992 604 rejecta
1014 576 1081 597 vero
1110 568 1220 598 obesse.
1263 569 1332 598 Non
1357 570 1471 605 quidem
1489 579 1570 606 aper-

50 620 89 648 tis
125 620 220 648 verbis
246 619 381 657 prodesse
415 625 443 647 et
476 618 566 647 obesse
595 619 737 655 producta
762 626 789 647 et
827 621 950 656 rejecta,
979 620 1028 647 scd
1059 621 1183 649 occultis
1216 620 1312 649 verbis
1341 621 1491 650 utilitatem
1521 623 1567 650 vel

52 672 186 700 damnum
218 670 286 699 haec
320 669 420 698 afferre
446 670 580 699 ostendit.
632 670 739 699 Nonne
768 670 855 707 igitur
882 670 909 698 in
941 671 993 698 hac
1022 671 1150 700 Zenonis
1176 672 1323 700 doctrinae
1343 679 1422 707 parte
1447 673 1488 701 nil
1513 673 1570 701 nisi

53 721 234 758 logomachia
262 721 360 750 inest?
384 720 532 759 producta
557 722 681 757 appellat
702 730 732 750 ea
758 729 831 757 quae
856 721 905 750 alii
931 721 1028 757 bona,
1052 721 1156 757 utilia,
1179 723 1214 751 ad
1237 721 1402 751 felicitatem
1419 722 1568 753 facientia:

52 773 176 808 Refecto
203 781 270 802 vero
296 781 348 809 ea,
379 781 451 809 quae
480 772 527 800 alii
552 772 645 808 mala,
673 773 778 807 noxia,
808 771 937 801 infelicia
965 780 993 801 et
1023 772 1158 810 fugienda
1186 773 1298 802 dicunt.
1346 774 1391 803 Ex
1412 775 1571 803 subtilibus

54 823 121 853 istis
152 824 391 854 distinctionibus
425 823 519 852 multa
539 831 634 857 tamen
662 831 825 860 sequuntur
858 825 950 854 officia
978 834 1050 862 quae
1080 826 1209 854 Zenonis
1235 826 1341 855 Schola
1367 826 1477 865 homini
1503 834 1567 863 erga

52 885 86 907 se
108 877 204 913 ipsum
230 878 413 913 praescribit.

91 928 237 965 Quoniam
260 928 361 956 Virtus
383 929 480 961 solum
508 928 616 956 bonum
637 933 701 964 est,
723 930 883 958 necessario
909 929 975 958 inde
1003 928 1136 964 sequitur
1167 949 1185 964 ,,
1204 936 1302 957 omnes
1330 928 1473 965 sapientes
1496 937 1568 958 sem-

56 988 108 1018 per
132 980 258 1010 feliciter
285 981 438 1016 absolute‚
460 981 605 1010 fortunate
627 982 742 1017 vivere,
763 982 841 1011 nulla
872 989 901 1009 re
921 979 1073 1015 impediri,
1103 980 1182 1008 nulla
1211 979 1378 1015 prohiberi,
1407 980 1486 1009 nulla
1509 989 1573 1017 ege·

58 1040 89 1060 re
115 1033 197 1070 (1).
209 1031 229 1044 ’⁹
269 1032 388 1068 Sapiens
416 1033 463 1061 ille
490 1033 564 1060 altus
587 1039 615 1061 et
644 1034 794 1069 excelsus,
824 1040 928 1069 magno
955 1031 1073 1067 animo,
1105 1039 1169 1060 vere
1192 1030 1300 1066 fortis,
1330 1031 1403 1060 insta
1426 1041 1457 1061 se
1478 1033 1574 1061 omnia

58 1083 182 1112 humana
208 1083 338 1117 ducens,
366 1083 413 1118 is,
436 1083 575 1118 inquam,
597 1091 681 1118 quern
709 1083 816 1111 efficere
849 1084 974 1118 volunt,
1011 1090 1094 1118 quem
1126 1088 1267 1117 quaerunt
1301 1088 1376 1110 certe
1400 1081 1515 1118 Stoici,
1544 1090 1573 1112 et

57 1133 201 1163 confidere
229 1133 286 1162 sibi
313 1133 396 1162 debet
422 1140 451 1162 et
475 1142 542 1162 suae
566 1135 641 1166 vitae
665 1141 692 1162 et
710 1140 789 1163 actae
812 1140 841 1162 et
864 1133 1073 1170 consequenti,
1094 1139 1120 1161 et
1148 1133 1218 1162 bene
1243 1134 1276 1162 de
1295 1141 1327 1162 se
1346 1134 1495 1171 Judicare‚
1516 1141 1574 1164 sta-

57 1193 143 1217 tuens
169 1185 244 1215 nihil
269 1186 335 1214 mali
365 1193 453 1221 posse
478 1185 600 1214 incidere
629 1186 752 1222 sapienti
777 1186 857 1222 (2).
1324 1216 1327 1224 k

98 1237 263 1274 Corporis,
293 1243 395 1272 utpote
419 1237 530 1265 nullius
562 1237 674 1273 pretii,
705 1237 763 1267 imo
789 1244 821 1267 ut
845 1238 879 1266 ab
902 1236 1067 1266 animalium
1098 1236 1274 1273 corporibus
1307 1237 1389 1266 nullo
1423 1237 1572 1275 dignitatis

59 1288 149 1324 gradu
165 1286 322 1316 differentis
349 1288 417 1323 (3)
446 1288 525 1316 velut
550 1289 589 1316 rei
615 1290 720 1317 alienae
743 1290 830 1326 (4),
858 1297 893 1318 ne
916 1288 1060 1317 minimam
1085 1289 1224 1317 rationem
1242 1288 1343 1317 habeat
1358 1290 1471 1324 sapiens
1492 1291 1572 1326 (5).

97 1338 160 1376 Jam
188 1339 321 1366 universe
347 1339 491 1373 vidimus,
521 1347 586 1367 cum
611 1340 645 1367 de
672 1341 943 1375 perturbationibus
970 1340 1100 1376 egimus,
1138 1340 1295 1376 sapientem
1327 1341 1426 1369 dolore
1452 1349 1573 1369 vacuum

63 1397 128 1418 esse
152 1387 265 1417 debere.
312 1387 344 1416 ld
372 1396 466 1417 autem
499 1396 542 1417 est
574 1398 707 1427 magnum
738 1392 901 1420 Stoicorum
932 1392 1076 1426 officium,
1112 1380 1193 1427 quod
1223 1390 1336 1426 sapiens
1367 1399 1464 1420 eorum
1500 1400 1575 1420 nun—

54 1448 143 1481 ¹quam
165 1439 266 1468 dolore
290 1438 411 1467 affectus
437 1440 476 1468 sit
497 1441 584 1477 (6).
624 1442 728 1477 Putet,
752 1441 893 1477 quidquid
917 1442 973 1470 sibi
999 1442 1129 1476 accidat,
1157 1449 1313 1476 numquam
1343 1441 1372 1469 id
1401 1443 1506 1470 malum
1532 1450 1576 1471 es·

53 1484 91 1523 ‘s'e‘
114 1489 196 1530 (7).
236 1489 328 1519 Nu'lla
352 1499 395 1519 res
417 1489 481 1519 elim
513 1492 629 1521 turbare
650 1492 732 1521 debet
758 1493 842 1532 (8).
883 1490 986 1520 Omnia
1016 1499 1131 1521 externa
1159 1498 1187 1521 et
1209 1492 1324 1528 corpori
1357 1498 1384 1520 et
1410 1493 1505 1521 animo
1529 1493 1574 1521 in-

1520 1543 1578 1573 dif-

93 1626 131 1661 (ι
146 1626 161 1660 )
179 1627 239 1654 Cic.
257 1627 288 1652 de
305 1626 361 1652 Fin.
379 1626 428 1652 Ill.
445 1633 470 1658 9.
506 1626 574 1652 Plut.
594 1625 626 1651 de
643 1626 745 1652 Comm.
761 1632 848 1651 contra
866 1626 969 1651 Stoicos
988 1626 1074 1652 Cone.
1093 1633 1118 1652 c.
1133 1633 1164 1652 22
1182 1631 1207 1651 et
1226 1626 1287 1652 Cic.
1306 1626 1332 1651 in
1353 1625 1441 1653 Parad.
1456 1625 1492 1653 11.

93 1674 158 1707 (2)
177 1674 236 1699 Cic.
255 1672 285 1697 de
303 1672 358 1698 Pin.
378 1673 429 1698 Ill.
448 1678 472 1703 3.
614 1671 680 1706 (3)
699 1672 817 1698 Arrianus
837 1671 867 1696 ad
888 1672 1038 1705 Epictetum
1056 1670 1080 1699 1.
1099 1673 1142 1700 28.

93 1719 162 1754 (4)
182 1721 315 1753 Epictetus
335 1719 358 1745 ll
371 1736 379 1750 ,
398 1719 486 1751 ib1que
506 1719 661 1751 Simplicius.

92 1765 159 1801 (5)
179 1768 296 1793 Arrianus
317 1767 335 1793 l.
349 1773 375 1793 e.
391 1766 440 1792 lll.
459 1766 501 1791 26.
537 1766 582 1792 Cs.
604 1766 705 1791 Marcus
724 1767 786 1793 Ant.
804 1766 825 1793 l.
843 1773 857 1792 2
884 1771 908 1791 et
927 1765 993 1798 apud
1014 1772 1070 1790 eum
1092 1764 1227 1797 Epictetus
1246 1766 1291 1798 qui
1310 1765 1356 1791 IV.
1372 1772 1402 1798 43
1422 1764 1498 1791 dicit:
1523 1783 1542 1796 ,,
1557 1773 1574 1791 ο

51 1802 154 1844 homo,
171 1821 197 1838 es
217 1813 330 1845 animus,
348 1814 392 1845 qui
413 1813 520 1838 cadaver
539 1818 623 1837 tecum
641 1812 739 1839 ‹lucis.”
777 1813 887 1846 Egregie
908 1812 970 1838 hanc
987 1813 1133 1839 Stoicorum
1149 1812 1287 1838 doctrinam
1306 1813 1470 1845 oppugnavit.
1507 1812 1572 1838 lless

62 1861 81 1886 l.
97 1867 122 1886 c.
141 1860 165 1884 in
189 1860 294 1891 Sylloge
317 1860 415 1891 Opnsc.
434 1859 477 1884 Cl.
496 1858 666 1891 Muntinghe,
684 1866 711 1891 p.
729 1862 776 1891 104
795 1866 851 1891 sqq.

97 1904 162 1939 (6)
182 1906 260 1937 Πίος.
276 1905 441 1942 Lat-'rtsvlh
461 1905 520 1931 118.
629 1888 648 1912 (τ
724 1903 787 1938 (7)
807 1905 910 1930 Marcus
931 1906 1026 1931 Anton.
1045 1904 1090 1931 1v.
1108 1910 1139 1938 45
1157 1903 1215 1932 fine.

93 1951 154 1986 (Β)
175 1950 278 1979 Marcus
296 1954 392 1980 Anton.
412 1951 459 1980 Vl.
477 1954 518 1978 ἐπ’.
540 1950 545 1958 ¹
708 1956 712 1959 '

830 1997 855 2027 E
878 2008 895 2027 2
