1946 2517
281 191 320 229 14
734 186 775 219 C.
828 186 853 216 J.
905 193 1014 215 vsu
1068 179 1302 219 ASSEN‚

282 292 368 321 tum,
394 285 429 315 in
450 281 570 327 quibus
595 280 691 313 officii
717 287 748 313 et
773 279 946 311 honestatis
971 277 1052 308 ratio
1079 277 1230 314 vertitur,
1263 275 1325 306 hoe
1347 280 1488 317 tempore
1514 274 1647 316 impune
1667 282 1740 317 pos·

285 353 318 374 se
343 342 483 384 negligi,
517 346 571 371 aut
597 350 663 371 esse
687 339 810 369 illarum
841 337 980 379 aliquam
1007 345 1087 377 quae
1114 344 1200 372 non,
1234 338 1269 364 ut
1293 331 1374 362 bene
1402 331 1486 362 culta
1514 331 1666 368 salutem,
1699 330 1746 362 sic

288 398 428 440 neglecta
455 398 626 440 perniciem
654 393 836 426 civitatibus
864 393 988 424 illatura
1013 393 1063 425 sit.
1119 393 1226 434 Atque
1253 390 1329 421 haec
1346 390 1425 432 Qipsa
1448 389 1630 422 officiorum
1657 399 1744 420 com-

289 453 476 484 memoratio
508 452 604 483 trahit
631 461 691 482 nos
725 450 831 482 denuo
859 449 898 481 ad
927 455 1072 481 veterum
1102 446 1369 489 Philosophorum
1398 446 1527 477 illorum
1553 446 1742 478 admiratio-

291 521 364 541 nem
382 533 391 548 ,
428 511 482 551 qui
507 518 636 539 omnem
664 506 762 538 officii
785 506 850 536 vim
880 511 911 536 et
936 513 1082 551 naturam
1108 516 1146 536 ex
1175 505 1213 535 iis
1240 503 1410 535 virtutibus
1433 503 1644 540 derivarunt,
1676 503 1749 545 qui-

289 565 350 597 bus
382 565 448 608 ipse
475 563 546 595 fons
570 564 694 595 honesti
720 564 928 599 continetur,
949 556 1078 606 easque⁴
1100 561 1185 593 tant}
1214 571 1289 592 cum
1318 559 1446 591 d1cendi
1472 560 1562 602 copia
1589 565 1621 591 et
1651 558 1751 590 disse-

292 620 381 653 rendi
410 620 584 652 subtilitate
607 620 644 651 ad
660 620 878 651 auctoritatem
898 619 1117 656 celebrarunt,
1146 624 1182 649 ut
1206 617 1400 648 beatissimas
1422 616 1518 648 etiam
1546 626 1634 647 nunc
1659 625 1753 658 prae·

292 678 395 709 dicare
419 677 463 707 ias
493 678 533 707 sit
564 677 706 707 civitates
727 699 736 712 ,
777 675 834 707 ubi
861 675 920 706 hae
952 677 1087 707 virtutes
1116 673 1312 706 sanctissime
1340 672 1516 711 coluntur,
1557 678 1590 704 et
1624 681 1754 703 summo

294 733 366 764 loco
384 732 552 764 habentur.
594 731 680 771 Quid
697 742 773 763 vero
796 731 935 773 singulas
955 739 1263 766 commemoremus,
1286 735 1341 760 aut
1361 729 1441 772 quid
1459 728 1603 760 dicamus
1620 728 1659 760 de
1676 738 1751 770 pru-

293 788 415 826 dentia,
437 787 501 831 qua
527 787 618 819 nullo
640 787 732 826 loco,
766 787 856 818 nullo
883 794 1025 830 tempore
1052 797 1157 817 carere
1178 795 1368 827 possumus,
1398 784 1527 828 quaque
1556 785 1640 816 viam
1660 784 1755 818 nobis

292 847 475 882 muniente,
499 844 711 887 praesentium
727 850 759 875 et
777 844 1019 886 praeteritorum
1039 842 1197 874 malorum
1213 851 1323 873 causas
1341 840 1422 872 bene
1442 844 1620 884 percipere,
1645 840 1754 875 futura

294 901 485 944 cogitatione
503 900 681 943 praecipere
696 906 728 931 et
744 900 879 932 consilio
895 906 1035 932 avertere
1051 899 1235 931 discamus?
1279 897 1370 942 Quid
1392 897 1614 930 fortitudinem
1631 898 1756 941 praedi.

298 967 423 995 cemus,
447 967 545 1000 quae,
572 958 597 987 si
617 967 762 999 unquam
776 957 871 996 alias,
896 957 958 988 hoc
976 956 1159 1000 praesertim
1181 963 1321 999 tempore
1338 956 1454 986 versari
1476 954 1569 986 dehet
1591 956 1624 986 in
1642 954 1752 986 defen-

297 1013 402 1046 denda
434 1014 552 1056 patriae
578 1012 678 1044 salute
705 1020 816 1045 contra
847 1014 950 1056 inpias
984 1013 1062 1044 certi
1097 1012 1268 1043 hominum
1297 1012 1422 1054 generis
1456 1017 1538 1042 artes
1571 1023 1606 1043 ac
1635 1010 1754 1042 maehi-

298 1070 461 1107 nationes,
485 1071 541 1112 qui
563 1080 628 1100 non
651 1076 714 1099 tam
735 1069 1036 1101 commutandarum
1055 1078 1152 1111 quam
1177 1067 1420 1100 evertendarum
1447 1078 1555 1099 rerum
1579 1067 1754 1111 cupiditate

296 1126 419 1159 incensi
446 1124 570 1156 nullam
596 1123 713 1155 habent
744 1135 804 1155 nec
829 1124 921 1164 fidei,
943 1135 1002 1156 nec
1028 1125 1172 1168 pietatis,
1197 1135 1255 1154 nec
1281 1123 1446 1166 religionis
1475 1125 1644 1155 rationem.

341 1181 579 1224 Temperantiae
603 1191 721 1223 porro,
744 1181 778 1212 in
799 1181 863 1224 qui
883 1182 990 1212 omnis
1021 1181 1101 1212 vitae
1119 1186 1253 1212 ornatus
1275 1187 1307 1211 et
1328 1190 1435 1211 rerum
1459 1179 1574 1210 marius
1597 1179 1759 1218 cernitur,

301 1248 400 1282 quam
422 1247 533 1280 graves
557 1237 608 1268 hic
625 1243 728 1280 partes
755 1236 943 1268 tribuendae
971 1237 1052 1275 sint,
1082 1236 1156 1278 quis
1186 1247 1253 1267 non
1275 1235 1383 1267 videt?
1436 1235 1538 1277 Hujus
1559 1236 1657 1278 igitur
1681 1241 1762 1266 tem·

305 1297 465 1337 perantiae
488 1304 616 1336 operam
639 1294 831 1336 requirimus
848 1316 858 1332 ‚
889 1299 926 1324 ut
947 1292 1097 1324 sedentur
1126 1292 1327 1336 perturbatae
1355 1291 1526 1324 hominum
1549 1298 1692 1330 mentes,
1725 1297 1764 1323 ut

302 1349 506 1381 infirmentur
530 1350 659 1380 inimica
684 1349 822 1393 partium
850 1349 972 1388 studia,
1001 1356 1039 1381 ut
1063 1349 1204 1382 deleatur
1230 1349 1422 1392 opinionum
1444 1349 1589 1388 vanitas,
1620 1354 1652 1380 et
1674 1357 1766 1380 verae

304 1405 496 1444 honestatis,
525 1405 739 1444 liberalitatis,
771 1416 807 1436 ac
833 1406 956 1448 pietatis
981 1416 1107 1446 sensus,
1130 1407 1187 1450 qui
1215 1405 1308 1437 nobis
1337 1416 1404 1437 non
1428 1404 1566 1437 adscitus
1590 1404 1646 1437 sed
1673 1405 1767 1436 inna-

302 1468 354 1494 tus
378 1468 442 1501 est,
471 1462 527 1506 qui
553 1473 731 1506 numquam
754 1463 920 1506 extingui,
949 1461 1004 1493 sed
1037 1462 1211 1506 aliquando
1243 1465 1342 1508 sopiri
1369 1468 1500 1508 potest,
1534 1464 1704 1494 suscitetur
1733 1467 1765 1493 et

303 1525 484 1551 exacuatur.

350 1574 470 1606 Detulit
492 1585 551 1606 nos
570 1575 636 1619 ipse
652 1575 812 1607 Orationis
824 1586 936 1608 cursus
951 1577 987 1608 in
1010 1588 1084 1609 eum
1103 1577 1210 1610 locum
1230 1589 1296 1622 quo
1319 1577 1360 1610 ab
1379 1578 1473 1610 initio
1498 1578 1710 1621 spectavimus
1734 1580 1766 1607 et

307 1631 522 1673 gravissimam
540 1633 605 1674 jam
630 1632 723 1663 nobis
741 1634 874 1675 positam
894 1633 1039 1664 videmus
1055 1637 1295 1676 quaestionem,
1321 1634 1361 1665 de
1379 1635 1430 1665 via
1442 1644 1477 1664 ac
1494 1634 1617 1664 ratione
1627 1635 1690 1676 qua
1708 1642 1766 1664 no·

309 1686 360 1718 bis
389 1687 632 1730 ingrediendum
653 1690 709 1726 sit,
734 1695 768 1719 ut
796 1688 850 1719 has
874 1689 956 1732 ipsas
974 1696 1038 1721 tam
1065 1692 1253 1723 necessarias
1279 1694 1430 1726 virtutes,
1456 1693 1490 1722 in
1515 1691 1633 1734 quibus
1658 1689 1768 1720 civita-

309 1750 378 1776 tum
403 1744 540 1787 dignitas
562 1755 598 1776 ac
624 1745 837 1788 tranquillitas
862 1747 1014 1785 vertitur,
1042 1753 1149 1778 sancte
1180 1750 1365 1790 integreque
1395 1746 1559 1784 colamus,
1594 1754 1770 1788 earumque

312 1801 377 1830 vim
406 1799 558 1831 omnibus
586 1802 818 1843 inpertiamus,
845 1802 877 1833 in
902 1803 1017 1834 animis
1035 1803 1154 1834 civium
1174 1810 1325 1847 tanquam
1349 1805 1490 1834 Deorum
1513 1803 1657 1833 sacrariis
1678 1801 1775 1833 collo·

314 1867 422 1888 cemus
438 1864 559 1888 etcum
580 1859 670 1888 omni
698 1860 760 1890 viii
783 1859 823 1889 ita
848 1869 1099 1902 conjungamus,
1122 1866 1158 1890 ut
1188 1867 1329 1902 tempora
1349 1858 1424 1891 haec
1446 1858 1591 1902 publica,
1615 1865 1773 1901 quantum

314 1913 383 1953 ejus
411 1913 478 1944 fieri
515 1915 614 1956 possit
633 1937 643 1952 ,
677 1913 775 1945 felicia
810 1913 995 1949 efficiamus.
1047 1915 1243 1947 Praeclarum
1273 1922 1319 1946 est
1352 1915 1431 1946 illud
1461 1916 1648 1954 Ciceronis,
1691 1913 1770 1957 quid

317 1976 420 2000 autem
442 1972 475 2000 in
502 1973 652 2003 Citeione
675 1982 740 2002 non
765 1971 958 2014 praeclarum
985 1973 1053 2004 est?
1089 1973 1145 2016 qui
1176 1983 1249 2004 cum
1280 1973 1314 2003 in
1339 1972 1408 2014 ipso
1433 1971 1561 2003 infinito
1590 1971 1766 2006 forensium

1730 2039 1779 2060 1¹0·
