1946 2517
404 160 722 192 COMMENTATIO
743 170 778 191 m
798 159 1098 199 QUAESTIONEM
1118 160 1326 194 MEDICAM.
1589 171 1626 202 73

111 246 253 286 deglutita
273 246 384 283 liquore
405 245 512 282 amnii,
532 253 624 281 neque
643 254 658 274 a
675 245 737 274 sola
753 244 828 279 bile,
854 252 951 274 verum
970 244 1005 274 ab
1022 245 1196 274 humoribus
1219 246 1254 274 ad
1279 245 1404 275 canalem
1427 247 1617 278 intestinalem

110 300 210 330 delatis
232 300 315 337 (a).

151 352 178 388 s.
203 358 250 379 11.
291 349 387 385 Hepar
411 357 479 385 ergo
504 348 533 377 in
552 348 633 377 foetu
656 348 831 384 pulmonum
852 348 947 377 officio
971 347 1123 386 fungitur3
1147 355 1208 378 tota
1235 349 1308 378 enirn
1334 349 1482 386 sanguinis
1508 358 1623 387 massa,

115 402 230 438 quaein
249 401 367 429 homine
385 406 453 429 nato
480 408 528 436 per
553 400 707 436 pulmones
727 398 861 434 vehitur,
884 405 916 428 ut
932 401 1129 435 respirationis
1148 409 1202 436 ope
1219 409 1376 438 purgetur,
1397 407 1550 438 antequam
1572 411 1622 438 per

114 459 225 488 corpus
239 450 458 485 destribuant,
480 450 508 478 in
529 449 608 477 foetu
629 449 663 477 ad
683 449 769 485 hepar
785 449 902 478 ducitur
924 457 951 479 et
977 451 1007 479 in
1028 451 1079 480 illo
1104 451 1225 489 sanguis
1244 453 1352 481 easdem
1370 461 1442 488 quas
1458 454 1487 482 in
1508 454 1622 489 pulmo-

116 503 204 533 nibus
233 502 312 530 subit
339 501 537 535 mutationes,
565 507 717 535 antequam
745 508 760 528 e
785 501 870 528 corde
892 509 940 536 per
971 502 1136 531 universum
1164 511 1272 539 corpus
1298 504 1485 540 dispergatur.
1526 505 1626 541 Hepat·

115 560 208 583 autem
226 554 254 582 in
270 553 352 582 foetu
370 553 455 580 bilem
470 552 592 580 secernit
606 560 665 580 non
681 557 733 586 ut,
755 550 798 579 uti
817 551 846 580 in
863 551 979 580 homine
996 558 1064 581 nato
1076 574 1087 589 ,
1108 554 1263 590 digestioni
1280 555 1437 590 inserviat,
1459 555 1621 592 digestione

114 605 189 634 enim
206 611 272 633 ante
285 603 462 633 nativitatem
481 611 540 631 non
554 603 686 639 vigente3
710 602 759 631 sest
777 602 844 631 bilis
861 604 969 632 eumin
985 603 1069 634 finem
1089 606 1214 642 separari
1231 606 1363 643 videtur,
1385 613 1416 635 ut
1431 616 1465 637 ex
1481 608 1621 644 sanguine

114 664 226 686 venoso
245 655 415 685 carbonium
437 661 463 683 et
484 654 692 690 hydrogenium
712 654 887 684 detrahatur.

153 709 183 744 §-
207 715 254 736 ις’..
295 706 457 735 Secundum
477 712 620 734 auctorem
640 705 788 740 quemdam
811 705 850 736 H.
872 705 915 736 D.
938 706 988 743 G,
1010 708 1096 745 hepar
1117 709 1208 737 adhuc
1235 710 1264 738 in
1288 709 1369 739 foetu
1389 711 1526 739 retardare
1545 710 1626 738 vide.

117 766 165 788 tur
180 759 320 788 afssuxum
340 758 509 795 sanguinis,
531 759 582 794 qui
597 766 647 794 per
661 766 762 787 venam
778 759 969 788 umbilicalem
990 760 1161 795 adducitur,
1184 761 1293 796 quique
1317 761 1366 789 tali
1384 761 1412 790 vi
1429 761 1463 788 ad
1486 769 1536 789 cor
1557 770 1628 797 pro-

118 810 293 847 pelleretur,
314 816 346 838 ut
362 809 487 838 auricula
504 809 603 838 forsan
627 809 669 837 illi
686 810 817 840 resistere
832 819 891 840 non
909 812 1024 842 valeret.
1064 811 1106 840 Ita
1121 818 1214 840 autern
1235 812 1370 848 opinatur·
1385 813 1481 841 dictus
1501 819 1624 848 auctor,

118 861 254 898 quoniam
278 861 392 898 saepius
418 861 613 890 observaverit
636 861 666 890 in
696 862 801 898 pullo,
839 871 897 892 ovo
924 863 1017 891 adhuc
1047 863 1186 899 inclum,
1221 864 1380 893 aneurisma
1412 864 1554 892 auriculae
1588 864 1628 892 le·

120 912 219 948 thale,
247 919 275 941 et
300 913 457 941 secundum
482 912 621 948 eundem,
649 912 752 942 vitium
784 914 841 942 hoc
866 913 1046 949 frequentius
1068 913 1160 949 foret,
1193 915 1249 942 nisi
1275 914 1394 951 sanguis
1419 923 1505 943 venae
1533 914 1627 942 umbi-

118 965 212 993 licalis
234 965 269 993 ab
287 965 411 1000 attritu,
432 974 447 993 a
464 965 632 1001 pressione,
653 971 681 993 et
702 966 737 994 ab
761 966 826 995 aliis
850 967 965 1002 causis,
986 965 1094 1002 quibus
1115 967 1146 995 in
1171 973 1236 994 vase
1260 973 1376 995 ramoso
1399 965 1526 994 celeritas
1543 965 1627 994 dimi-

115 1016 166 1046 nui
187 1016 282 1052 solet,
305 1016 493 1044 retardaretur
513 1015 593 1053 (b).

142 1108 197 1137 (b)
217 1110 255 1131 ef.
270 1109 388 1138 Bernard,
409 1110 472 1134 Diu.
494 1117 518 1138 p.
532 1116 635 1139 31—35.

141 1148 200 1179 (a)
219 1151 255 1175 Cf.
268 1151 299 1174 H.
317 1151 345 1178 D.
363 1152 389 1174 G.
405 1151 576 1181 Encycloptdit‚
599 1155 627 1176 T.
644 1159 680 1183 ¹9·
701 1161 724 1184 p.
740 1154 793 1182 6550·

629 1269 772 1309 ,Quisquis
797 1271 956 1308 artificiose
977 1279 1102 1312 corpora
1125 1272 1256 1301 bumana
1280 1278 1378 1299 secare
1396 1269 1494 1305 novit,
1517 1278 1628 1299 eorum-

586 1331 641 1360 que
653 1322 783 1359 singulas
800 1325 966 1362 particulas
986 1326 1146 1362 diligenter
1167 1325 1317 1362 inquirit,
1339 1332 1374 1351 cx
1400 1323 1444 1350 lzis
1473 1323 1628 1350 lxzfentium

589 1375 751 1402 morborum
769 1383 871 1404 causas
892 1382 920 1404 et
943 1376 1019 1404 sedes
1034 1375 1129 1412 facilc
1146 1375 1311 1412 intelliget,
1333 1383 1383 1402 mec
1406 1383 1460 1401 mm
1475 1382 1629 1402 accommo-

591 1424 664 1452 data
683 1426 815 1455 remedia
830 1427 1025 1465 praescribet.

843 1508 870 1537 J.
893 1507 1075 1535 a1oLAN,
1105 1499 1252 1537 Amhmp.
1282 1497 1353 1527 Lib.
1381 1506 1405 1527 1.
1432 1505 1461 1533 p.
1490 1504 1535 1534 15-

923 2047 946 2075 Κ
