1946 2517
410 197 633 230 RESPONSIO
653 208 694 230 AD
714 200 1014 240 QUAESTIONEM
1035 199 1354 238 THEOLOGICAM.
1611 216 1646 247 31

186 286 213 315 Ι.
244 283 290 314 Ad
307 282 388 320 prius
409 283 529 319 pertinet
548 282 653 319 duplex
677 289 858 319 praeceptum
872 303 882 318 ‚
905 285 985 319 quod
1004 293 1029 316 c.
1050 294 1066 316 2
1086 288 1263 319 continetur.
1304 288 1435 318 Alterum
1462 297 1495 318 eo
1522 297 1651 327 spectat,

144 343 176 365 ut
199 335 320 364 ministri
345 335 419 363 sacri
444 334 626 369 intelligant,
647 342 677 361 se
703 342 762 362 non
790 341 908 363 coactos
934 342 961 363 et
983 336 1113 376 invitos,
1135 341 1184 369 sed
1211 340 1322 369 lubenti
1345 347 1371 369 et
1396 347 1511 376 promto
1536 343 1652 378 animo,

142 387 319 423 provinciam
347 386 539 426 demandatam
572 385 720 420 suscipere
751 391 779 413 et
811 387 961 421 requisitis
987 389 1088 418 officiis
1122 390 1287 420 satisfacere
1314 399 1456 428 oportere.
1488 408 1521 415 —-
1556 394 1656 423 Altero

141 445 314 472 monentur,
337 443 368 464 ut
393 438 422 464 in
450 444 564 464 munere
590 436 755 464 exornando
780 445 795 464 a
819 438 913 473 turpis
936 439 1009 467 lucri
1035 448 1062 469 et
1086 450 1223 477 quaestus
1250 451 1380 479 respectu
1410 444 1467 473 sibi
1491 452 1607 473 caveant
1629 450 1657 472 et

141 491 170 518 id
194 489 361 525 simpliciter
392 495 419 516 et
442 487 562 516 candide
587 494 692 523 agant,
721 493 753 516 ut
784 490 915 519 coetibus
948 499 1030 520 curae
1066 501 1133 521 suae
1161 494 1355 531 concreditis,
1383 495 1446 524 suis
1480 495 1655 532 postpositis

140 542 246 575 rebus,
267 540 414 576 religionis
438 540 592 575 disciplina
617 540 783 570 inserviant.

180 593 224 621 nli
250 601 316 628 ergo
341 600 520 626 nequaquam
544 592 629 627 digne
649 592 702 620 lioc
723 599 839 621 munere
857 592 1036 630 funguntur,
1058 595 1109 629 qui
1134 595 1195 630 eius
1219 594 1291 624 bene
1317 596 1430 632 gerendi
1459 597 1655 626 difficultatem

142 643 243 679 inique
268 642 384 678 ferunt,
405 643 553 671 continuis
578 643 701 678 querelis
727 644 799 672 alios
826 645 929 673 adeunt
950 652 977 674 et
1001 646 1194 674 conditionem
1217 647 1364 675 Ecclesiae
1391 648 1587 676 ministrorum
1612 649 1652 678 sic

139 695 327 729 describunt,
348 702 380 722 ac
407 694 431 722 si
459 694 601 723 omnium⁴
615 701 689 723 esset
717 695 876 725 miserrima
903 704 930 727 et
957 707 972 726 a
999 700 1109 728 nemine
1128 700 1228 729 officiis
1256 701 1408 736 requisitis
1431 702 1561 730 satisfieri
1582 711 1653 738 pos-

139 753 203 782 set,
233 746 253 774 ii
279 745 385 780 etiam,
416 745 485 783 qui,
512 753 579 773 cum
607 746 677 774 tardi
702 746 760 775 sint
783 754 810 775 et
837 749 934 784 ignavi
959 750 993 777 ad
1016 750 1106 779 officia
1131 752 1308 788 peragenda,
1335 761 1408 788 quae
1434 754 1559 781 muneris
1579 754 1653 782 ratio

139 799 284 834 requirat,
314 806 344 826 ea
373 798 554 826 considerant
579 804 713 833 tanquam
744 806 819 827 onus
847 800 1069 836 gravissimum,
1100 803 1178 837 quod
1204 803 1274 832 ferre
1301 804 1421 833 omnino
1447 812 1577 833 recusare
1603 813 1654 833 ne-

137 856 261 886 queant,
291 855 319 877 et
347 857 406 877 non
433 849 489 876 nisi
515 850 599 877 inviti
626 850 805 885 sustineant,
834 851 886 886 qui
926 851 1085 888 laetantur,
1117 854 1142 881 si
1171 854 1279 891 aliquid
1307 856 1341 883 ab
1367 856 1402 884 iis
1426 855 1573 892 peractum
1602 857 1661 892 sit,

138 901 219 937 quod
247 900 366 929 omuino
396 900 538 935 negligere
563 901 614 929 vix
638 908 789 936 poterant,
821 902 937 931 minime
963 910 1115 938 curantes,
1147 907 1296 939 quomodo
1320 907 1392 935 illud
1419 914 1566 943 peractum
1595 907 1655 943 sit,

136 958 165 981 et
193 952 243 987 qui
268 951 341 980 nihil
372 952 561 987 peragendum
585 951 616 980 in
643 960 672 980 se
701 953 851 989 suscipere
881 955 1005 990 volunt,
1037 963 1095 991 quo
1127 956 1275 984 hominum
1305 958 1540 986 Christianorum
1574 967 1655 987 com-

136 1004 232 1033 modis
256 1010 284 1032 et
311 1003 513 1031 emolumentis
550 1003 687 1032 inservire
711 1005 848 1040 possint,
879 1007 965 1035 modo
993 1006 1051 1035 sibi
1076 1008 1238 1042 persuaderi
1267 1014 1372 1044 queat,
1401 1008 1473 1038 illud
1503 1009 1656 1039 strictissi-

135 1063 184 1084 mo
208 1055 270 1092 jure
287 1062 347 1083 non
371 1055 509 1090 pertinere
532 1054 567 1082 ad
594 1054 686 1083 officia
707 1064 773 1084 curn
795 1065 911 1086 munere
936 1067 990 1086 suo
1014 1058 1126 1095 juncta.

173 1105 267 1143 Quam
291 1105 375 1134 stulti
398 1105 514 1141 simus,
535 1106 560 1134 si
587 1107 669 1135 talem
697 1108 784 1135 animi
815 1109 945 1137 affectum
974 1109 1003 1137 in
1034 1109 1120 1138 nobis
1145 1110 1285 1140 dominari
1311 1111 1470 1147 patiamur,
1492 1117 1553 1141 tum
1582 1112 1650 1148 qui-

133 1159 195 1187 dem
231 1157 396 1194 apparebit,
430 1157 455 1185 si
487 1164 674 1193 reputemus,
707 1159 778 1194 quid
808 1159 874 1188 inde
901 1167 1109 1196 consequatur.
1162 1161 1307 1191 Nimirum
1342 1171 1460 1199 prorsus
1488 1164 1562 1192 nihil
1591 1164 1648 1193 effi·

133 1213 249 1244 cimus,
280 1217 363 1244 quam
394 1216 426 1237 ut
455 1209 542 1238 vitam
569 1217 694 1238 nostram
720 1211 870 1239 reddamus
895 1211 1006 1240 tristem
1033 1219 1061 1240 et
1085 1212 1290 1247 miserrimam,
1318 1220 1350 1241 ut
1378 1214 1465 1243 nobis
1493 1214 1586 1250 ipsis,
1608 1215 1647 1245 ita

134 1269 162 1291 et
185 1262 249 1290 aliis
274 1261 421 1289 molestam
451 1267 478 1288 et
505 1261 728 1291 incommodam.
771 1263 875 1292 Omnis
900 1270 998 1291 nostra
1025 1263 1131 1292 laetitia
1159 1264 1214 1292 hoc
1243 1265 1329 1293 modo
1353 1265 1447 1301 perit,
1469 1268 1583 1295 animus
1610 1268 1653 1295 in-

133 1314 168 1342 de
196 1312 287 1340 oritur
313 1319 468 1345 morosuS‚
496 1312 743 1349 melancholicus,
775 1322 839 1350 erga
868 1314 963 1343 Deum
1001 1314 1157 1351 ingratus,
1187 1324 1281 1352 neque
1307 1326 1359 1345 sua
1386 1325 1463 1346 sorte
1488 1326 1652 1350 contentus.

133 1363 181 1392 Sic
207 1364 234 1391 in
256 1363 316 1390 dies
340 1363 538 1391 imminuimus
565 1371 592 1391 et
618 1363 780 1401 frangimus
806 1367 939 1401 corporis
965 1366 1059 1394 nostri
1085 1367 1159 1395 vires
1187 1369 1330 1403 animique
1361 1368 1535 1405 facultates,
1558 1378 1585 1399 et
1610 1371 1654 1399 in.

133 1422 219 1451 eptos
244 1420 356 1442 nosmet
382 1415 440 1449 ipsi
465 1415 609 1444 reddimus
646 1417 680 1445 ad
712 1416 803 1446 officia
834 1424 933 1446 nostra
963 1419 1141 1454 peragenda,
1176 1427 1248 1454 quae
1279 1420 1390 1448 tandem
1416 1429 1535 1456 prorsus
1561 1421 1655 1457 negli-

133 1466 241 1504 gitrtus.

170 1516 248 1544 Haec
265 1514 359 1544 omnia
380 1515 428 1550 qui
445 1516 662 1552 animadvertit,
681 1517 765 1545 facile
779 1517 939 1554 intelliget,
956 1526 1135 1556 quantopere
1149 1519 1221 1549 illud
1242 1521 1342 1550 vitium
1363 1521 1402 1550 sit
1418 1522 1649 1558 reprobandum,

131 1573 218 1603 atque
237 1568 357 1595 omnino
383 1566 412 1594 id
436 1574 598 1602 repugnare
617 1568 733 1596 disertis
756 1568 917 1604 Religionis
941 1570 1125 1599 Christianae
1147 1574 1326 1608 praeceptis,
1347 1573 1375 1602 in
1401 1573 1508 1608 quibus
1530 1582 1543 1602 a
1562 1574 1649 1602 nobis
1676 1607 1677 1610 Ἰ

131 1620 305 1655 requiritur,
330 1624 360 1645 ut
386 1619 450 1646 laeti
474 1619 565 1648 simus
588 1621 617 1648 in
643 1620 707 1648 Deo
736 1620 828 1658 (9);
855 1628 909 1655 qua
935 1629 999 1648 cum
1029 1622 1133 1650 laetitia
1164 1623 1281 1651 minime
1304 1630 1400 1659 potest
1425 1624 1585 1652 consistere
1609 1625 1653 1653 vi-

131 1678 160 1700 ta
178 1671 292 1706 tristis,
315 1671 521 1700 melancholica
541 1679 568 1699 et
593 1680 721 1701 morosa.
773 1674 834 1701 Imo
860 1681 926 1700 vero
948 1681 981 1701 ex
1005 1673 1092 1710 hujus
1111 1675 1256 1709 religionis
1279 1676 1409 1703 universa
1437 1675 1534 1703 indole
1558 1682 1584 1703 et
1606 1684 1650 1703 ra-

133 1724 213 1751 tione
237 1730 371 1759 apparet,
394 1724 513 1751 omnino
538 1732 600 1752 esse
628 1724 751 1753 officinm
781 1732 931 1760 nostrum,
954 1731 986 1752 ut
1014 1725 1072 1752 vita
1096 1724 1248 1760 fruantur,
1272 1725 1291 1753 i.
1311 1734 1335 1753 e.
1367 1726 1497 1762 jucunde
1524 1734 1551 1755 et
1583 1726 1650 1755 heti

134 1782 192 1802 eam
215 1774 418 1811 transigamus.
458 1778 599 1803 Praeterea
628 1776 697 1809 quid
725 1777 814 1812 magis
835 1776 985 1812 indignum
1011 1777 1120 1804 censeri
1151 1783 1247 1812 potest
1274 1777 1407 1806 ministro
1431 1786 1537 1813 sacro,
1559 1786 1646 1813 quam

129 1831 162 1853 ut
187 1825 310 1853 muneris
340 1824 442 1853 officiis
469 1825 509 1854 ita
533 1825 686 1862 fungatur,
709 1835 741 1855 ac
770 1827 794 1854 si
819 1835 922 1854 servus
949 1834 1043 1862 esset,
1083 1828 1129 1856 cui
1159 1829 1252 1857 invito
1274 1837 1359 1864 atque
1386 1830 1536 1857 reluctanti
1559 1838 1646 1859 onera

131 1878 343 1915 imponuntur,
372 1878 455 1910 quasi
479 1886 545 1905 vero
575 1886 706 1906 summus
737 1879 885 1907 Ecclesiae
912 1879 1099 1907 Gubernator
1129 1885 1216 1914 atque
1244 1881 1434 1916 ἀρχιποίςιην,
1460 1888 1490 1908 ut
1518 1881 1648 1910 homines

131 1929 168 1957 ad
199 1928 456 1964 praestantissimae
495 1936 563 1957 suae
599 1929 748 1966 religionis
776 1930 907 1958 notitiam
941 1931 1120 1967 pervenirent
1147 1932 1268 1968 ejusque
1303 1930 1417 1959 tructus
1444 1931 1649 1960 saluberrimos

1586 1988 1651 2018 peto

164 2040 229 2077 (9)
246 2041 324 2070 Vidd.
343 2049 368 2069 e.
380 2049 406 2076 g.
425 2043 480 2070 loca
498 2043 616 2076 diserta,
635 2043 700 2072 Phil.
718 2046 775 2073 1112
795 2052 821 2074 Ι.
846 2046 900 2074 lv:
917 2054 945 2082 4.
