1946 2517
709 176 1121 210 ORATIO.
1611 190 1652 214 αἱ

222 265 293 296 Tibi
326 272 431 296 antem
451 288 460 302 ‚
505 262 684 294 venerande
718 273 796 293 vsu
827 274 1042 300 swrwnnw,
1081 266 1185 308 primo
1212 265 1283 296 loco
1314 278 1371 309 pro
1402 273 1448 297 tot
1476 277 1511 298 ac
1534 268 1650 309 tantis,

179 323 297 365 quibus
334 333 385 353 me
421 321 614 358 cumulasti,
654 319 840 356 beneficiis,
874 323 989 361 gratias
1025 321 1143 360 liabeo,
1181 329 1212 352 et
1242 321 1343 364 palam
1376 322 1428 354 llic
1461 333 1520 365 ago
1549 326 1648 355 maxi.

180 390 258 411 mas.
313 381 356 409 Te
387 378 493 413 duce,
533 377 679 407 omnium
714 375 907 407 naturalium
940 376 1180 419 disciplinarum
1214 381 1314 421 prima
1344 380 1404 420 jeci
1431 378 1649 414 ftmdamema.

175 437 223 466 Tu
260 446 310 466 me
348 434 509 473 docuisti,
553 441 699 465 naturam
736 444 777 464 ex
811 433 881 475 ejus
919 434 1177 476 Phaenomenis,
1216 445 1252 465 ex
1291 434 1567 468 observationibus
1598 448 1653 468 ex.

177 492 450 535 periniei‘itisqne‚
483 501 686 532 cognoscere.
740 491 789 520 Tu
824 489 905 519 milii
936 489 1119 532 exemplum
1148 489 1261 521 dedisti
1293 493 1500 533 praecavendi
1523 504 1540 524 a
1563 505 1652 537 prae-

179 550 316 591 cipitatis
353 556 383 580 et
427 555 542 579 temere
584 548 746 590 conceptis
786 547 1039 589 opinationibus,
1102 549 1149 577 Tu
1189 547 1229 577 de
1264 547 1392 578 illorum
1431 560 1539 582 errore
1570 551 1651 582 mihi

177 606 377 648 persuasisti,
420 606 494 647 qni,
533 604 692 647 quidquid
727 607 761 635 in
796 615 902 635 rerum
938 610 1050 634 natura
1096 604 1239 642 accidat,
1286 605 1325 636 ad
1354 605 1525 638 abstractas
1557 609 1653 640 ratio-

177 664 354 694 cinationes
391 673 503 704 cogere
539 662 691 693 student:
731 661 822 704 quod
852 660 982 702 quidem
1018 659 1211 691 beneficium
1239 672 1278 692 eo
1307 665 1408 704 magis
1433 671 1596 707 acceptum
1621 672 1653 697 et

179 726 304 761 gratum
344 718 401 749 tibi
433 717 559 755 refero,
598 729 664 760 qno
697 719 799 760 magis
829 719 996 756 seculum,
1038 719 1126 761 quod
1162 719 1321 758 vivimus,
1359 721 1402 751 ad
1426 722 1540 752 vitium
1567 722 1654 754 istud

182 787 286 819 prono
311 775 400 819 lapsu
424 786 516 806 ruere
541 774 682 813 videtum
712 774 804 817 cnjus
834 775 1045 818 contagione,
1079 775 1272 819 pedetentim
1294 777 1505 809 invalescente
1521 802 1529 817 ,
1550 781 1656 812 omnis

178 845 271 865 verae
303 832 485 874 solidaeque
512 831 675 862 doctrinae
695 831 789 862 ruina
809 831 964 870 trahitnr3
997 844 1063 875 qno
1081 833 1243 874 juvenes,
1269 844 1326 877 per
1358 835 1502 866 inanium
1530 838 1657 880 opinio-

180 901 259 921 num
283 890 448 932 ambages,
472 889 530 928 ad,
553 892 661 921 nescio
688 900 805 932 quam,
836 888 1002 920 fanaticam
1022 889 1269 933 philosophandi
1294 891 1448 922 rationem
1471 892 1655 926 ducuntur:

176 950 229 978 cni
262 948 324 978 nisi
357 946 458 978 solida
490 946 648 985 eruditio,
684 948 831 978 inanium
864 958 1023 989 nugarum
1053 942 1201 979 sordibus
1228 956 1423 991 expurgata,
1456 956 1488 981 et
1511 959 1655 983 accurata

177 1011 309 1034 naturae
345 1004 588 1046 investigatione
612 1003 767 1041 subnixa,
797 1014 852 1035 eos
879 1004 968 1036 brevi
994 1005 1129 1046 eripiat,
1158 1010 1189 1035 et
1210 1004 1348 1047 benigna
1377 1017 1475 1037 manu
1503 1008 1654 1040 Ariadnes

173 1059 266 1091 filum
301 1055 461 1103 porrigat,
499 1060 674 1091 admodum
705 1067 752 1091 est
778 1060 979 1100 verendum,
1015 1072 1056 1092 ne
1080 1071 1247 1104 nunquam
1276 1072 1313 1091 ex
1341 1061 1550 1105 labyrintheis
1568 1063 1655 1096 hisce

173 1116 336 1148 erroribus
353 1117 532 1148 errabunda
552 1118 683 1160 vestigia
704 1117 864 1149 reflectere
886 1118 1021 1161 possint.
1065 1119 1111 1148 Ita
1130 1128 1207 1149 vero
1228 1129 1359 1162 pergas,
1384 1119 1500 1156 velim,
1525 1131 1576 1151 me
1594 1121 1660 1152 tuis

174 1174 317 1205 consiliis
348 1173 522 1217 adjuvare,
561 1181 679 1217 tuaque
706 1175 843 1207 amicitia
871 1174 1018 1217 dignari,
1059 1181 1096 1205 ut
1124 1186 1184 1217 ego
1210 1181 1295 1206 tuam
1325 1176 1495 1207 amicitiam
1529 1177 1654 1217 colere,

175 1238 208 1263 et
234 1231 428 1275 singularem
456 1239 542 1263 tuam
571 1232 785 1264 eruditionem
815 1235 975 1274 suspicere
1006 1242 1074 1263 non
1103 1231 1243 1264 cessabo.
1299 1233 1382 1272 Diu,
1413 1244 1545 1275 precor,
1578 1246 1656 1266 con-

175 1299 282 1320 serves
310 1300 383 1320 enm
412 1291 555 1332 corporis
584 1290 750 1332 vigorem,
785 1290 888 1321 aniini
917 1289 1128 1327 hilaritatem,
1155 1289 1278 1332 ingenii
1306 1290 1372 1321 vim
1390 1297 1421 1321 et
1445 1289 1654 1331 alacritatem,

174 1356 256 1387 quae
289 1352 483 1377 senectutem
517 1353 604 1377 tuam
640 1355 703 1378 tam
739 1348 906 1395 insigniter
935 1351 1072 1384 o'rnant3
1105 1352 1142 1376 ut
1165 1356 1234 1376 mea
1261 1356 1328 1376 nou
1357 1352 1482 1377 tantum
1510 1347 1654 1389 inplean-

174 1407 226 1431 tur
259 1409 353 1439 vota,
391 1402 447 1431 sed
484 1408 519 1431 et
545 1404 792 1432 necessariorum
814 1412 855 1445 ¹et
887 1407 1064 1433 amicorum
1096 1409 1128 1432 et
1158 1402 1306 1431 omnium
1337 1401 1501 1444 denique,
1535 1403 1655 1445 quibus

175 1456 264 1488 cordi
295 1464 341 1488 est
369 1459 486 1488 artium
514 1457 798 1501 doctrinarumque
828 1458 952 1497 honos,
983 1468 1064 1500 quas
1092 1463 1127 1488 tu
1153 1457 1290 1499 juvenili
1321 1458 1428 1490 studio
1466 1465 1497 1490 et
1524 1459 1654 1501 ardore,

173 1513 367 1558 amplificare
396 1520 427 1545 et
457 1525 571 1546 ornare
599 1515 745 1546 noudum
778 1516 917 1548 cessasti.

219 1628 285 1658 Nec
310 1627 417 1658 minus
444 1627 502 1659 tibi
532 1639 583 1659 me
610 1627 794 1660 devinctum
824 1631 948 1668 sentio,
983 1628 1220 1661 Humanisstme
1246 1630 1420 1664 vnozm!
1453 1631 1502 1664 Ab
1524 1644 1562 1664 eo
1581 1633 1656 1666 inde

175 1688 340 1725 tempore,
377 1694 443 1725 qno
472 1695 580 1714 earum
615 1683 856 1726 disciplinarum
889 1683 997 1715 studio
1031 1695 1081 1715 me
1107 1684 1246 1723 detifidi,
1285 1697 1422 1729 quarum
1456 1692 1569 1732 partim
1598 1691 1656 1723 do·

173 1739 346 1770 cendarum
381 1741 601 1782 provinciam,
642 1741 795 1782 singulari
832 1746 885 1771 tua
921 1741 1145 1781 humanitate,
1194 1743 1289 1775 hodie
1322 1744 1402 1775 mihi
1435 1745 1655 1780 demandatam

174 1795 284 1833 video,
324 1796 472 1838 peculiari
507 1809 557 1828 mc
583 1798 805 1829 benevolentia
836 1805 866 1828 et
895 1798 1002 1829 favore
1027 1799 1213 1842 complexus
1244 1812 1285 1831 es.
1343 1801 1465 1834 scholis
1494 1805 1557 1835 tuis
1588 1816 1655 1837 non

174 1859 296 1882 tantuin
337 1855 510 1891 interesse,
550 1855 604 1885 scd
640 1862 671 1885 et
706 1856 848 1886 consilis
886 1862 951 1887 tus
988 1863 1017 1886 ct
1055 1856 1266 1889 familiaritate
1299 1858 1361 1890 srui
1397 1860 1476 1891 milii
1511 1864 1656 1905 contigit.

173 1910 220 1939 Tu
249 1920 376 1951 pergas,
417 1911 470 1941 Vir
497 1911 643 1954 Optime!
683 1912 875 1956 amplificare
913 1912 1115 1950 doctrinam,
1160 1915 1240 1944 tueri
1276 1915 1372 1957 liujus
1404 1917 1555 1949 Athenaei
1585 1919 1656 1962 dig-

174 1968 322 2005 nitatem,
363 1973 393 1997 et
427 1968 579 1998 inservire
609 1969 788 2001 commodis
820 1970 916 2014 liujus
944 1971 1056 2010 urbis,
1089 1983 1184 2015 quam
1214 1980 1259 2004 tot
1288 1974 1467 2017 insignibus
1491 1976 1662 2007 beneficiis*

932 2029 956 2059 C
980 2031 1000 2059 ό
1598 2032 1657 2063 tibi
