1946 2517
333 168 646 202 COMMENTATIO
666 177 708 199 AD
730 167 1030 207 QUAESTIONEM
1051 167 1292 200 CHEMICAM.
1537 183 1572 211 33

66 257 193 293 detegere
219 254 339 283 tentavit
356 260 482 282 mutuam
510 253 537 281 in
562 260 592 280 se
616 251 736 280 invicem
760 250 859 287 agendi
886 251 1023 280 rationem
1046 253 1135 290 (a);
1166 260 1199 281 eo
1225 259 1318 280 tamen
1346 252 1490 288 pervenire
1514 261 1572 284 non

66 307 185 345 potuit,
207 312 239 334 ut
261 314 353 334 veram
380 306 442 342 ejus
466 304 590 332 indolem
619 309 827 339 cognosceret,
855 303 903 330 sed
928 309 1037 330 tantum
1065 311 1098 331 ex
1127 302 1383 332 observatiouibus
1411 304 1456 332 illi
1480 305 1574 340 patuit

62 357 156 388 lucem
177 365 236 386 non
257 364 319 384 esse
338 354 520 391 simplicem,
542 361 638 382 verum
658 352 745 381 variis
767 352 918 389 principiis
939 355 1141 389 compositam.

98 408 171 437 Post
203 407 284 435 illum
310 415 398 442 vero,
440 414 528 442 quum
565 402 694 432 doctrina
725 402 850 431 chemica
881 404 1068 439 perfectionis
1101 404 1201 433 faciem
1242 405 1357 434 induere
1390 405 1566 442 incipiebat,

52 460 114 495 ¹alii
135 460 202 497 (b)
223 460 393 488 exstiterunt
412 458 540 486 illustres
560 454 677 491 Physici
698 453 749 489 qui
771 454 861 482 Lucis
882 455 1019 482 Naturam
1042 462 1127 490 atque
1150 456 1223 483 vires
1246 456 1465 493 indagaverunt.

100 509 214 539 Scheclc
233 509 367 545 inprimis
384 514 411 536 et
427 506 581 536 Sennebicr
603 506 770 534 invenerunt
792 505 884 533 lucem
913 506 1103 541 compositam
1130 514 1191 535 esse
1209 507 1294 534 variis
1313 508 1399 535 radiis
1411 527 1420 542 ,
1444 515 1567 542 quorum

64 561 114 591 alii
133 560 299 595 coloriferi‚
320 559 368 588 alii
387 557 528 587 caloriferi
546 564 650 586 essent.
691 557 752 585 Alii
773 557 838 593 (c)
867 556 959 584 lucem
978 563 1144 592 spectarunt
1169 564 1311 593 tamquam
1334 557 1449 586 calorici
1474 558 1568 586 modi·

63 611 225 640 ficationem
246 610 312 646 quia
328 617 412 646 saepe
439 610 550 638 eosdem
580 617 612 637 ac
637 608 792 636 caloricum
819 608 911 636 ederet
936 607 1068 637 effectus.
1108 608 1373 645 Ingeniosissimam
1399 616 1468 637 vero
1492 610 1567 637 circa

64 662 153 700 huJus
168 662 305 691 Naturam
321 660 487 689 sententiam
507 660 630 697 protulit
648 659 795 689 Grennius
803 670 821 701 ,ζ
837 659 1028 688 arbitrabatur
1042 659 1176 688 nimirum
1194 659 1302 688 Lucem
1318 660 1469 688 radiantem
1487 668 1567 688 com-

63 712 137 749 poni
158 712 268 748 duplici
285 713 398 740 materia
411 731 422 747 ‚
443 712 527 748 quus
548 712 633 740 altera
653 719 718 748 pars
739 711 896 739 caloricum
908 730 919 745 ,
940 711 1025 738 altera
1046 710 1191 738 Materies
1208 710 1299 739 Lucis
1316 716 1392 738 esset
1411 710 1473 739 sive
1483 713 1570 748 prin-

62 763 169 802 cipium
193 763 418 800 inflammabile,
438 762 653 799 combustibila‚·
674 762 747 790 hanc
769 761 941 798 (Materiem
962 761 1052 790 Lucis
1071 762 1199 798 nempe)
1221 770 1271 797 per
1287 769 1317 790 se
1334 759 1502 789 eLasticitate
1522 769 1569 790 ca-

60 821 140 850 rere,
169 822 227 842 eam
252 822 319 842 vero
350 821 441 849 aeque
469 822 502 842 ac
523 813 655 842 virtutem
682 813 834 841 radiantem
866 812 995 848 accipere
1019 812 1053 840 ab
1077 813 1224 840 accedente
1244 811 1390 846 caloric03
1422 819 1511 847 porro
1533 819 1568 840 ex

57 864 136 893 varia
154 864 308 900 utriusque
334 865 465 893 materiae
488 864 699 901 proportione,
728 864 889 893 varietatem
917 865 990 893 lucis
1012 864 1176 898 coloratae,
1198 870 1225 892 et
1251 863 1392 892 diversam
1419 861 1569 890 refractio-

57 923 123 946 nem
141 916 312 954 proficisci3
337 926 459 954 corpora
478 918 642 953 terrestria,
664 918 737 946 duce
759 917 914 950 affinitate,
935 916 984 943 vel
1002 923 1112 943 omnem
1130 915 1282 942 radiantem
1304 914 1440 942 attrahere
1456 914 1569 947 lucem,

57 975 178 1007 eamque
198 968 282 997 fixam
302 969 436 1003 reddere,
457 969 526 1004 vel,
549 967 631 996 basin
652 967 727 996 lucis
741 990 750 1004 ,
774 969 836 997 sive
855 967 1032 1004 principium
1056 966 1263 994 combustibile
1284 973 1371 993 unum
1389 964 1566 999 adsciscere,

58 1018 189 1046 relictum
209 1026 277 1047 vero
307 1019 501 1048 Carbonicum
530 1027 589 1047 non
608 1019 728 1047 liberum
752 1027 907 1055 apparere,
927 1019 1026 1054 partim
1053 1018 1130 1052 quod
1157 1017 1227 1044 adeo
1251 1023 1335 1045 tenue
1362 1015 1400 1044 sit
1422 1014 1565 1049 fluidum,

57 1068 163 1104 partim
190 1068 269 1103 quod
289 1068 353 1097 aliis
373 1070 469 1098 causis
493 1070 584 1098 latens
609 1069 674 1105 fiat;
696 1078 819 1105 corpora
847 1070 969 1105 denique
998 1067 1213 1096 inflammabilia
1241 1067 1307 1095 dum
1333 1065 1567 1099 comburuntur,

53 1115 187 1147 'emittere
203 1118 285 1147 basin
302 1119 375 1147 lucis
397 1119 478 1156 (d).
498 1136 536 1141 —
558 1120 609 1149 Uti
627 1128 704 1148 nunc
724 1121 795 1148 Lux
815 1120 953 1148 mirabilis
972 1128 1020 1155 per
1035 1126 1064 1146 se
1085 1124 1128 1146 est
1144 1117 1280 1153 materia,
1301 1117 1341 1145 ita
1352 1116 1434 1144 etiam
1454 1114 1571 1142 mirabi-

54 1163 123 1198 'liter
140 1169 199 1205 agit
216 1169 246 1198 in
265 1177 376 1198 omnem
400 1170 543 1198 materiem
571 1177 729 1199 terrestrem
742 1193 752 1207 ‚
779 1179 834 1200 tam
854 1172 1014 1208 organicam
1034 1178 1118 1206 quam
1143 1168 1347 1206 inorganicam.
1393 1167 1427 1195 ln
1450 1174 1566 1203 regnum

54 1214 179 1250 'animale
197 1228 271 1250 certe
292 1222 442 1251 maximam
464 1222 549 1251 habet
571 1223 746 1252 influentiam
771 1230 798 1251 et
814 1214 977 1260 praesertim
999 1221 1029 1250 in
1053 1221 1140 1250 vitam
1170 1219 1330 1248 hominum.
1375 1217 1493 1245 Homini
1515 1217 1569 1245 lux

60 1271 130 1300 fons
150 1278 194 1300 est
211 1272 396 1308 plurimarum
424 1274 630 1309 voluptatum,
648 1274 881 1311 jucundissimus
900 1273 974 1302 vitae
991 1281 1114 1307 sensus,
1135 1277 1162 1299 et
1183 1271 1282 1299 exinde
1301 1269 1453 1298 maximum
1475 1269 1568 1296 Natu-

55 1329 104 1352 sae
125 1323 307 1353 beneficium.
348 1324 456 1361 Magna
480 1325 526 1352 illa
544 1325 620 1352 actio
637 1331 664 1353 et
683 1331 787 1360 potens
805 1324 974 1358 influentia,
997 1323 1141 1351 hominem
1172 1329 1238 1350 cum
1262 1321 1372 1349 Natura
1398 1319 1563 1355 conjungit.

54 1366 107 1403 'Ne
129 1374 264 1403 miremur
285 1382 351 1410 ergo
379 1375 510 1403 homines
530 1376 689 1403 nonnullos
714 1374 823 1403 Lucem
849 1381 881 1402 ut
904 1375 995 1402 Deum
1021 1372 1196 1409 comprecari
1223 1378 1250 1399 et
1273 1379 1371 1400 omnes
1399 1371 1473 1398 illam
1501 1377 1567 1398 cum

60 1424 157 1453 'animo
178 1432 321 1460 quaerere.
364 1425 507 1453 Praeclare
527 1425 598 1454 dixit
617 1422 835 1459 Hufelandins:
855 1426 938 1452 inter
956 1426 1054 1461 genios
1078 1425 1156 1453 vitae
1173 1423 1310 1460 inprimis
1325 1422 1457 1459 pertinet
1475 1420 1566 1455 Lux,

58 1475 164 1514 absque
180 1475 237 1504 ullo
253 1475 337 1504 dubio
357 1476 446 1515 ipsius
463 1477 559 1503 amica
569 1495 579 1510 ,
600 1481 725 1513 cognata
737 1496 747 1511 ‚
763 1482 791 1503 et
807 1481 887 1503 certe
896 1476 996 1514 pluris
1013 1476 1147 1503 momenti
1163 1482 1249 1511 quam
1270 1475 1302 1501 in
1312 1480 1419 1509 genere
1435 1471 1564 1500 videtur.

61 1526 157 1556 Omne
192 1533 317 1556 creatum
363 1535 397 1556 eo
435 1527 634 1564 perfectiorem
673 1528 750 1564 degit
787 1528 872 1556 vitam
890 1546 900 1561 ‚
940 1534 1000 1561 quo
1037 1525 1126 1561 magis
1163 1523 1254 1553 Lucis
1292 1523 1410 1552 influxu
1441 1521 1564 1552 fruatur.

59 1576 150 1607 Deme
177 1578 267 1607 lucem
299 1578 435 1614 animali,
464 1579 544 1607 color
570 1584 717 1613 mutatur,
746 1578 820 1606 vires
850 1578 1063 1613 deperduntur,
1096 1584 1220 1605 crescere
1249 1575 1354 1603 desinit
1384 1581 1411 1602 et
1437 1574 1568 1610 sequitur

62 1637 154 1660 mors-
197 1629 295 1660 Homo
314 1630 424 1667 absque
438 1628 518 1659 Luce
535 1630 725 1667 fitpalliduS,
745 1629 869 1665 debilis,
894 1628 1030 1664 stupidus
1053 1627 1187 1663 vitaeque
1207 1625 1360 1663 energeiam
1380 1624 1474 1662 perdit
1492 1625 1566 1661 (⁶)-

60 1682 62 1685 ’
1498 1674 1572 1704 Non>

83 1763 137 1792 (a)
158 1763 268 1791 Newmn,
289 1764 329 1790 op.
349 1770 398 1792 pag.
416 1769 466 1790 270.
489 1769 522 1793 iq.

86 1805 134 1831 (b)
151 1804 253 1831 Scheeln,
273 1810 311 1825 sur
326 1805 345 1825 Ie
359 1805 410 1828 Fen.
440 1804 563 1833 Rumsord,
575 1804 676 1830 Journal
690 1804 714 1824 de
731 1802 866 1828 Nfcholson,
885 1803 950 1826 Tam.
965 1802 1001 1825 lX.
1016 1808 1065 1830 pag.
1079 1803 1117 1825 σο.
1146 1800 1281 1828 διηηιὸίιν,
1299 1800 1339 1821 lac.
1359 1799 1400 1820 cir.
1418 1799 1445 1822 T.
1460 1797 1488 1820 Π.
1500 1800 1568 1826 p.55·

58 1843 135 1873 σπη’
149 1844 270 1865 Handhuch
287 1844 327 1865 der
344 1846 476 1866 eumn-un
493 1846 588 1869 cliemie.
618 1845 753 1871 Lavoisier,
767 1844 783 1867 Ι.
801 1849 821 1867 Β.
836 1845 896 1866 Tem
918 1844 942 1867 ΙΙ-
963 1849 1014 1871 1³²ss-
1027 1844 1078 1869 ³87·

87 1886 137 1911 (c)
158 1885 300 1912 ernamur,
319 1886 508 1913 Anfaugsgrr'c't-de
524 1886 565 1907 der
581 1886 677 1908 ehemn.

87 1923 138 1952 (d)
159 1925 225 1948 conf.
250 1926 325 1953 cren,
347 1927 386 1946 loc.
405 1927 445 1949 cte.
472 1929 538 1949 Torn.
554 1928 569 1950 1.
594 1934 643 1955 pag.
663 1931 711 1953 ¹53.

89 1966 138 1992 (ο,
160 1966 238 1992 Hom,
258 1966 327 1987 Ucher
343 1966 379 1988 die
395 1967 532 1995 Wirkungen
548 1967 583 1989 des
603 1967 680 1991 Liclm
701 1966 748 1995 mss
756 1968 792 1989 dte
808 1966 912 1990 lebenden
927 1964 1084 1986 mcmchli'cben
1101 1963 1202 1991 K'a'rper.
1226 1962 1387 1989 Konlngsbera·
1405 1964 1465 1989 ¹799-
1494 1959 1569 1985 0⁰¹¹ss-

57 2005 174 2034 Hanlull,
196 2006 290 2033 Riuer,
307 2012 352 2031 etc.

868 2049 894 2079 E
