1946 2517
324 148 363 190 1'6
769 157 808 187 11.
896 153 1359 188 3055an,

324 250 496 283 vernaculo
533 242 696 280 habentur
726 258 892 280 sermonez
935 245 1054 283 verbo,
1092 245 1174 276 nihil
1207 253 1274 285 est,
1305 245 1393 289 quod
1422 256 1488 276 non
1515 245 1657 276 tironum
1683 243 1795 289 usibus

321 309 466 351 apprime
488 308 527 338 sit
551 305 836 337 accommodatum.

364 364 424 394 Sed
455 363 495 394 de
525 362 719 404 reliquarum
747 371 894 403 qnoque,
929 357 1049 402 quibus
1078 369 1127 390 res
1151 358 1272 390 medica
1299 359 1472 390 arctissime
1497 357 1664 396 cohaeret,
1699 357 1790 390 disci-

319 420 481 464 plinarum
508 419 678 456 subsidiis,
710 417 847 448 breviter
871 416 1043 448 videamus.

326 492 329 495 ·
364 476 412 507 Ad
438 475 663 519 acquirendam
688 474 859 504 herbarum
883 473 1120 515 cognitionem,
1149 470 1266 502 futuris
1292 471 1450 513 chirurgis
1478 482 1543 502 non
1565 472 1674 501 minus
1690 481 1787 513 quam

321 533 450 564 medicis
475 532 701 569 necessariam,
722 541 816 568 ecce,
841 536 925 573 patet
949 529 1012 560 illis
1038 528 1152 559 hortus
1179 528 1362 565 botwinus,
1388 531 1422 559 in
1444 539 1510 570 quo
1537 528 1649 569 stirpes
1675 526 1788 562 colun-

320 596 371 621 tur
400 588 619 626 medicinalem
649 594 757 630 patent
794 587 938 630 publicae
967 585 1254 617 demonstrationes
1283 585 1465 621 botanicne,
1508 595 1588 627 quae
1621 585 1696 615 satis
1721 594 1788 626 am?

317 646 401 690 plam
437 647 481 677 rei
515 645 676 676 herbariae
707 645 852 676 notitiam
878 644 999 686 aperire
1018 642 1081 674 illis
1102 648 1246 684 possunt.
1298 644 1461 673 Botanices
1477 641 1585 672 studio
1611 640 1785 682 adiungere

316 709 451 746 possunt
486 702 649 733 Chemiam
676 708 707 732 et
737 703 846 734 Artem
874 700 1180 737 Pharmaoenficam,
1214 709 1295 741 quae
1325 698 1434 730 itidem
1461 697 1632 729 vernaculo
1658 696 1789 729 tradun-

315 766 368 790 tur
400 768 567 796 sermone3
609 764 643 788 ut
677 768 744 788 non
782 763 925 793 tantum,
962 756 1133 787 herbarum
1168 756 1287 798 species
1306 760 1350 786 'et
1381 762 1527 786 naturam
1559 755 1701 796 cognitas
1729 753 1788 783 ha-

313 815 428 853 beant,
467 814 521 845 sed
555 820 586 845 et
624 813 802 845 reconditas
836 819 1014 844 ceterorum
1046 819 1176 843 naturae
1204 822 1377 855 corporum
1405 814 1489 843 vires
1513 811 1647 849 elicere,
1686 801 1782 842 etad

313 883 391 903 usus
415 871 559 903 medicos
583 882 696 913 cogere
719 871 851 903 discant.

355 930 422 959 Jam
452 939 545 967 vero,
581 928 695 959 harum
733 927 974 970 disciplinarum
1008 926 1148 969 legitima
1174 926 1321 958 facultate
1346 926 1515 967 instructi,
1545 933 1580 958 ut
1604 926 1644 959 ad
1667 926 1780 959 Pathov

312 985 413 1028 logiae
442 985 583 1016 studium
615 985 761 1016 accedere
808 985 931 1027 possint
971 986 1074 1016 nostri
1096 984 1241 1023 alumni,
1276 984 1349 1015 fecit
1372 985 1613 1025 Magistratuum
1639 983 1781 1014 benevo-

312 1041 430 1079 lentia,
466 1042 637 1072 constituta
675 1052 778 1083 nuper
802 1041 831 1072 ei
859 1040 1030 1071 tradendae
1057 1040 1214 1071 cathedra.
1268 1041 1371 1081 HnJ'us
1395 1040 1544 1070 scientiae
1569 1050 1631 1082 ope
1655 1039 1780 1077 discant

310 1096 500 1133 discrimen,
538 1106 647 1127 sanam
682 1097 771 1126 inter·
797 1102 828 1126 et
861 1095 1043 1126 morbosam
1072 1096 1216 1138 corporis
1241 1095 1481 1133 conditionem,
1512 1101 1564 1133 ut,
1595 1094 1634 1126 ad
1661 1094 1778 1135 Pathoq

310 1152 410 1195 logiae
448 1152 572 1195 regulas
601 1151 768 1194 generales
786 1174 795 1188 ,
839 1154 873 1184 in
902 1159 1080 1194 *posterum
1119 1153 1226 1183 omnia
1266 1152 1454 1183 morborum
1489 1142 1777 1194 judicia‘dirigere

309 1210 442 1252 possint.
500 1209 577 1241 Inde
609 1216 768 1241 transeant
799 1209 839 1240 ad
866 1209 1012 1241 'studium
1042 1209 1235 1252 Therapiae,
1272 1216 1336 1239 tam
1367 1208 1556 1240 universalis
1583 1218 1681 1251 quam
1707 1218 1779 1251 spe-

308 1266 416 1302 cialis,
457 1267 550 1308 cujus
586 1277 648 1309 ope
681 1273 876 1309 cognoscant
908 1273 980 1297 tum
1013 1266 1138 1308 regulas
1171 1265 1365 1296 universales
1400 1266 1435 1296 in
1470 1264 1620 1296 curandis
1655 1264 1802 1305 morbis,

306 1333 430 1365 semper
456 1324 644 1360 servandas,
677 1330 745 1354 tum
769 1325 867 1354 etiam
892 1333 1052 1366 quaenam
1076 1321 1215 1352 remedia
1238 1325 1356 1364 cuique
1383 1321 1467 1352 malo
1493 1322 1559 1353 siut
1585 1320 1774 1364 profutura,

305 1390 450 1422 quaeque
483 1381 646 1410 nocitura:
687 1378 814 1410 videant
847 1379 1007 1422 denique,
1040 1381 1096 1412 ubi
1126 1380 1242 1412 horum
1272 1392 1367 1423 opera
1391 1389 1422 1412 et
1449 1381 1605 1412 auxilium
1633 1392 1693 1413 nos
1718 1381 1774 1413 de·

302 1436 456 1474 stimant,
498 1445 744 1478 nonnumquam
782 1434 888 1466 cultro
922 1446 1005 1478 opus
1037 1446 1125 1473 esse,
1162 1442 1194 1467 ct
1225 1436 1369 1474 discant,
1407 1436 1584 1466 multorum
1614 1437 1773 1469 matorum

304 1493 370 1523 vim
401 1502 492 1534 saepe
521 1503 611 1535 posse
638 1491 770 1534 refringi
797 1492 956 1523 variarum
983 1494 1228 1536 operationum,
1259 1503 1341 1535 quae
1369 1497 1547 1529 vocantur,
1580 1502 1659 1534 ope;
1687 1495 1772 1532 imo,

302 1547 387 1579 haud
420 1558 492 1578 raro
522 1549 654 1579 miseros
681 1548 849 1587 mortales,
885 1550 977 1592 quasi
1002 1560 1042 1580 ex
1069 1550 1136 1581 orei
1161 1548 1306 1580 faucibus
1332 1558 1424 1592 posse
1448 1549 1546 1591 eripi,
1585 1555 1771 1592 opportuno

302 1611 333 1635 et
358 1612 484 1647 promto
506 1604 599 1635 cultri
626 1615 696 1637 usu.

346 1663 413 1692 Hoc
447 1668 570 1697 antem,
612 1667 770 1703 promtam
804 1661 936 1704 inquam
967 1669 999 1693 et
1026 1662 1164 1705 paratam
1193 1662 1320 1693 dextrae
1343 1660 1545 1700 facilitatem,
1578 1649 1792 1704 quotidiana*

301 1720 334 1751 in
369 1720 446 1761 ipsis
474 1718 680 1750 cadaveribus
714 1718 906 1749 exercitione
939 1718 1001 1749 sibi
1037 1729 1220 1762 comparare
1256 1725 1413 1761 possunt:
1453 1717 1543 1761 quod
1579 1719 1692 1761 quanti
1726 1720 1769 1752 sit

302 1777 475 1812 momenti,
502 1772 589 1805 'mliii
614 1785 696 1817 opus
717 1781 765 1806 est
787 1774 934 1817 pluribus
957 1785 1217 1806 commemorare.

340 1831 615 1869 animadvertitis,
654 1831 789 1874 opinor,
829 1832 867 1863 A.
896 1831 937 1862 A.
971 1842 1007 1862 ex
1040 1831 1125 1862 hisce
1153 1830 1325 1868 omnibus,
1360 1841 1457 1873 quam
1483 1832 1608 1874 egregie
1631 1831 1764 1863 Chirur-

297 1888 363 1929 giae
393 1887 500 1919 studio
535 1888 592 1919 hac
626 1888 660 1918 in
692 1887 818 1918 civitate
851 1887 892 1918 sit
922 1887 1130 1919 consultum:
1165 1898 1276 1918 verum
1308 1898 1375 1918 non
1408 1897 1554 1929 magnam
1585 1899 1620 1919 ea
1649 1891 1758 1921 omnia

294 1943 407 1975 habere
440 1947 523 1982 vinu,
564 1945 631 1975 sine
667 1943 803 1986 practica
838 1944 1023 1986 cognitione
1049 1950 1081 1975 et
1106 1945 1301 1987 experientia
1327 1943 1364 1975 ad
1393 1943 1490 1975 lectos
1515 1954 1683 1986 aegrorum
1705 1956 1756 1977 ac-

1694 2012 1765 2044 qut-

1777 1935 1791 1945 ιο
