1946 2517
335 182 377 217 18
757 175 1382 219 zcnanassm

337 274 545 320 gestientibus
562 297 572 315 ‚
600 275 856 307 Observaton‘um
873 273 1128 305 Astronomicum
1140 294 1152 312 2
1175 271 1238 304 hoc
1258 273 1329 317 ipso
1346 283 1433 305 anuo
1453 283 1537 307 nova
1561 284 1676 306 rursus
1692 285 1806 308 emen-

338 333 467 365 datione
486 339 616 365 auctum
647 338 679 363 et
703 336 903 362 exornatum.
949 330 1053 367 Quam
1083 339 1217 361 manum
1242 329 1492 362 emendatricem
1528 331 1713 374 propediem
1740 332 1803 364 sibi

339 390 503 421 admotum
526 389 564 420 iri
585 394 616 419 et
638 388 771 430 Physica
795 390 962 429 expectant
984 390 1015 415 et
1039 384 1191 416 Chemz'ca
1218 385 1432 429 Ἀκροατήριαε
1464 393 1559 429 atque
1581 388 1614 418 in
1635 387 1727 429 eujus
1752 399 1806 420 so-

340 447 483 478 cietatem
505 443 652 476 beneficii
677 453 751 473 cum
779 441 901 483 reliqua
914 463 924 480 ‚
944 445 1014 471 tum
1039 442 1145 483 ipsum
1168 441 1228 472 hoc
1250 442 1356 484 majus
1378 441 1564 473 Academiae
1579 442 1803 483 Audz'torium,

338 505 459 539 omnis,
489 510 558 531 non
582 498 686 530 dicam
707 497 904 535 ornamenti,
938 496 993 527 sed
1017 496 1068 527 vel
1093 497 1260 528 necessarii
1295 496 1521 529 subselliorum
1555 505 1725 541 apparatus
1748 510 1805 530 ex.

339 568 434 601 pers,
465 561 599 587 ventura
629 564 804 596 speramus.
857 555 947 593 Quae
976 554 1002 584 si
1035 552 1164 584 tandem
1195 552 1368 595 aliquando
1397 552 1650 592 obtinuerimus,
1685 565 1806 597 parum:

339 612 482 657 profecto
498 609 742 643 desiderandum
759 609 966 651 relinquetur.
1011 609 1092 640 Nam
1117 608 1257 640 Hortum
1283 611 1470 640 Botam'cum
1490 610 1518 640 si
1536 616 1676 652 spectas,
1699 611 1805 643 virent

341 670 450 702 omnia
460 669 495 700 in
511 679 551 699 eo
569 667 748 708 florentque
760 688 769 703 ,
782 675 890 695 curam
908 665 978 706 ejus
992 664 1233 707 diligentissime
1251 671 1379 707 gerente
1395 675 1439 696 sa
1450 676 1469 697 u
1483 675 1702 704 unionum
1721 668 1805 708 quin

340 727 439 758 erevit
464 723 572 755 denuo
588 721 768 765 plantarum
784 726 815 751 et
829 720 986 751 rariorum
1011 726 1043 750 et
1070 718 1296 762 pretiosiorum
1319 731 1492 759 numerus,
1513 727 1551 752 ut
1576 720 1670 752 donis
1691 728 1723 753 et
1747 721 1806 754 be·

341 780 522 814 nevolentia
548 779 739 809 nostratium
761 774 996 818 quorumdam,
1018 778 1061 807 ita
1084 786 1214 818 quoque
1240 776 1348 819 paucis
1381 775 1530 817 quidem,
1559 776 1614 807 sed
1641 783 1804 819 praestan·

341 838 470 870 tissimis
492 834 625 878 plantis,
649 843 730 875 quae
754 842 792 862 ex
815 831 984 874 plurimis,
1004 830 1044 862 ab
1067 830 1167 862 India
1184 831 1248 862 huc
1265 842 1282 862 a
1298 841 1482 862 nzruwan
1496 841 1580 868 uro,
1605 833 1647 863 V>
1665 833 1703 864 C.
1726 833 1810 864 mis-A

341 898 400 933 sis,
431 905 449 925 a
478 891 584 924 nautis
616 899 693 921 vero
715 887 929 930 negligentius
960 886 1095 926 habitis,
1126 893 1277 930 tanquam
1311 885 1436 917 tabulae
1464 897 1482 917 e
1508 886 1674 930 naufragio
1698 899 1810 920 evase-

340 956 427 983 ruut.
472 950 519 980 Ex
543 946 655 978 iisdem
684 955 782 976 zonae
811 942 948 974 torridae
970 942 1179 986 regionibus,
1201 941 1355 975 indefessa
1375 942 1519 983 ejusdem
1541 953 1603 975 nni
1617 954 1805 976 swanum

341 1004 506 1048 diligentia
529 1001 759 1045 speciminibus
786 1006 817 1031 et
851 998 962 1030 multis
991 1005 1023 1030 et
1055 999 1206 1041 egregiis,
1239 998 1441 1040 potissimum
1473 1008 1492 1028 e
1522 999 1742 1031 Mammalium
1772 1006 1807 1032 et

337 1063 538 1095 Insectorum
561 1067 678 1100 genere
691 1079 701 1095 ‚
732 1055 821 1087 auxit
849 1057 981 1096 Regium
1015 1054 1176 1086 Historiae
1201 1052 1364 1085 Naturalis
1388 1055 1551 1092 Mmeum,
1582 1054 1659 1086 huic
1678 1062 1810 1088 nostrae.

340 1116 526 1151 Academiae
562 1113 769 1154 adjunctum3
807 1109 897 1152 quod
931 1110 1064 1151 insuper
1094 1111 1249 1140 continua
1274 1107 1463 1139 sceletorum
1488 1111 1586 1147 serie,
1618 1110 1650 1141 ei
1677 1110 1808 1151 addita,

341 1183 432 1206 nunc
466 1167 663 1210 Osteologiae
691 1172 900 1209 comparatae
935 1164 1099 1196 scientiam
1126 1163 1352 1207 appetenti-hus
1376 1174 1444 1195 non
1475 1165 1584 1197 minus
1609 1164 1808 1199 fructuosam

342 1226 578 1260 institutionem
607 1223 759 1264 exhibet,
790 1232 886 1265 quam
921 1219 1058 1261 vellera,
1093 1219 1133 1250 ad
1164 1221 1303 1251 nativam
1333 1219 1518 1251 animalium
1544 1220 1679 1252 formam
1703 1222 1806 1254 adim·

340 1284 445 1329 pleta,
466 1281 577 1313 otiosis
598 1278 812 1322 spectaculum
831 1275 1024 1320 jucundum.
1068 1276 1246 1318 Utriusque
1267 1276 1395 1306 interim
1423 1277 1550 1318 generis
1573 1277 1810 1320 spectatoribus

341 1341 494 1385 patientia
520 1346 602 1379 opus
624 1336 704 1372 erit,
735 1333 857 1372 donec,
890 1343 972 1375 quae
997 1342 1086 1362 nunc
1114 1331 1273 1368 diruit-ur,
1306 1342 1378 1374 pars
1409 1332 1524 1363 veteris
1547 1331 1700 1371 aedificii,
1733 1334 1814 1377 pul-1

341 1398 425 1429 crior
449 1399 481 1426 et
504 1397 593 1424 tanto
613 1390 712 1433 digua
739 1389 888 1420 thesauro
913 1394 1067 1430 resurgat.
1110 1387 1170 1418 Sed
1200 1387 1282 1418 bene
1307 1387 1426 1425 habet,
1458 1387 1565 1430 quod,
1591 1387 1712 1430 quibus
1731 1389 1811 1421 alte-

343 1462 416 1484 rum
429 1473 438 1490 ,
459 1450 489 1480 ei
509 1446 624 1484 affine,
649 1445 943 1488 Gazophylacium,
962 1447 1108 1475 Museum
1128 1443 1272 1486 intelligo
1302 1442 1815 1486 Plzystblogico-Patlzologicum,

343 1507 544 1541 continetur,
583 1501 675 1536 aedes
706 1501 801 1544 plane
838 1508 905 1532 sint
938 1501 1137 1544 perfecteque
1171 1506 1369 1536 exstructae,
1414 1501 1611 1542 ipsumque,
1651 1499 1816 1533 thesauris

343 1564 463 1607 quippe
472 1560 727 1600 Brugmansianis
743 1563 870 1588 auctum
888 1558 1056 1599 insigniter
1071 1563 1099 1587 et
1119 1566 1136 1586 a
1155 1566 1198 1586 sa
1210 1566 1230 1586 Ν
1244 1566 1338 1587 nli-'o
1349 1565 1443 1587 urio
1460 1556 1622 1598 aptissime
1639 1554 1812 1598 elegantis-

345 1622 488 1661 simeque
506 1615 719 1657 dispositum,
744 1613 902 1656 plerisque
916 1613 985 1643 aliis
1005 1612 1140 1653 palmam
1158 1613 1221 1652 jam
1242 1615 1419 1653 praecipere
1438 1612 1580 1654 incipiat.
1626 1613 1714 1651 Quot
1732 1623 1816 1644 vero

345 1678 409 1708 sfflnt
437 1680 470 1704 et
493 1678 651 1714 quantae,
681 1668 800 1711 quibus
828 1679 846 1699 e
873 1671 1128 1710 Brugmunsiam‘s
1154 1668 1346 1710 praeparatis
1377 1667 1476 1697 crevit
1502 1673 1533 1697 et
1561 1673 1711 1698 ornatum
1740 1674 1812 1707 est,

345 1730 495 1765 divitiae,
520 1733 586 1757 tum
604 1725 734 1756 demum
758 1725 914 1756 aestimari
938 1731 1021 1754 recte
1046 1724 1184 1765 poterit,
1204 1733 1278 1753 cum
1303 1721 1437 1760 Index,
1457 1721 1499 1752 ab
1523 1721 1635 1753 eodem
1661 1733 1810 1755 :Auor-

347 1794 498 1819 ronno
521 1793 588 1813 non
616 1783 722 1812 minus
744 1780 837 1811 docte
852 1791 947 1822 quam
963 1780 1134 1821 diligenter
1151 1780 1370 1820 compositus,
1397 1777 1479 1819 typis
1495 1777 1694 1821 descriptus,
1719 1778 1813 1822 quod

348 1843 483 1875 omniuo
505 1838 716 1880 sperandum,
739 1837 775 1868 in
797 1836 960 1879 publicam
985 1836 1090 1866 lucem
1113 1834 1286 1878 aliquando
1307 1836 1483 1865 emittetur.

392 1952 504 1985 Facilis
527 1950 605 1981 binc
630 1956 676 1980 est
703 1949 740 1980 ad
758 1948 951 1981 Bffedicinam
972 1949 1133 1980 transitus.
1176 1947 1236 1979 Sei]
1258 1947 1361 1979 sentio
1384 1947 1467 1989 jam,
1489 1946 1642 1978 orationis
1662 1946 1728 1978 vela
1746 1958 1812 1979 non

349 2008 547 2042 methocnter
570 2016 637 2042 esse
664 2005 879 2036 contr-„theuda
893 2028 905 2044 ,
934 2016 975 2036 ne
1007 2004 1147 2047 benigna
1182 2011 1302 2043 vestra,
1335 2006 1374 2036 A.
1396 2006 1451 2041 A„
1485 2000 1638 2035 audiendi
1663 2004 1815 2047 patientia

1767 2071 1817 2091 nt-
