1946 2517
358 153 675 185 COMMENTATlO
697 161 739 182 AD
761 152 1064 190 QUAESTIONEM
1085 153 1327 184 CHEMICAM.
1560 159 1596 187 29

129 238 290 267 Secretione
318 244 449 273 peracta,
483 237 628 272 variisque
648 236 779 271 partibus
806 236 958 265 nutritioni
975 238 1087 274 plantae
1108 237 1331 266 inservientibus
1352 236 1513 273 depositis,
1540 245 1590 272 per

91 289 163 319 folia
188 298 288 318 rursus
312 297 384 325 aqua
410 289 576 324 exhalatur,
598 288 644 316 vel
665 287 694 315 in
715 293 792 314 statu
815 288 947 325 liquido,
970 291 1012 318 vel
1032 297 1162 326 ga20503
1187 298 1269 324 quain
1291 289 1521 325 evaporationem
1549 289 1592 316 in-

88 342 182 371 terdiu
213 348 323 371 tantum
351 342 448 371 locum
475 341 598 376 habere,
624 339 759 376 probavit
786 339 923 368 Halesius
945 341 1013 378 (a)
1044 341 1099 369 sub
1127 340 1237 368 influxu
1262 340 1356 374 solis,
1384 339 1425 368 uti
1456 347 1522 368 mox
1550 339 1593 368 vi·

87 393 230 422 debimus.

96 454 99 455 ⁷
132 445 327 475 Transeamus
344 452 436 474 autem
454 454 529 474 nunc
548 445 582 473 ad
607 444 843 473 considerandam
865 445 953 480 ipsam
972 443 1111 472 actionem
1132 449 1217 477 atque
1234 442 1382 470 efficaciam
1402 441 1488 477 hujus
1505 448 1595 476 aquae

88 495 235 524 radicibus
253 503 280 524 et
298 496 378 525 foliis
395 496 548 531 absorptae
565 502 592 524 et
611 495 799 532 indagemus,
818 503 875 532 qua
890 495 999 523 ratione
1019 494 1110 524 varias
1127 494 1170 521 ibi
1183 494 1306 529 deponat
1325 500 1419 529 partes
1439 493 1593 522 nutritioni

90 547 215 584 vegetali
234 547 367 575 absolute
387 546 574 575 necessarias.

125 599 245 635 Duplex
264 598 325 634 ejus
341 597 417 626 actio
435 604 501 633 est,
526 596 567 626 10.
589 592 665 625 enim'
689 597 826 627 dissolvit
853 597 1008 634 particulas
1038 596 1192 625 nutritivas
1215 595 1304 624 humo
1338 595 1465 631 fimoque
1492 595 1593 624 insitas

91 657 120 679 et
139 658 234 679 earum
251 656 294 678 est
310 649 486 678 vehiculum.
528 647 571 678 20.
593 649 711 685 Propria
730 657 781 678 sua
799 648 1046 685 decompositione
1058 647 1272 683 Hydrogeniurn
1291 653 1376 681 atque
1386 646 1566 683 Oxygenium
1579 667 1590 682 ,

87 701 232 738 principia
253 701 404 729 admodum
425 700 602 734 necessaria,
622 701 754 736 largitur.

128 751 269 781 Dubitare
283 760 341 780 non
361 759 543 788 possumus,
566 751 638 786 quin
667 760 741 787 aqua
761 752 800 780 sit
826 751 992 780 vehiculum
1016 749 1144 778 omnium
1163 748 1221 777 fere
1241 748 1418 777 materiei-um
1441 749 1595 777 nutritiva-

86 810 149 832 rum
170 809 241 841 terra
258 809 469 832 contentarum.
510 802 544 830 In
569 802 696 830 examine
719 801 792 830 enim
815 802 976 838 plantarum
999 799 1214 828 combustarum
1239 807 1348 835 praeter
1365 800 1500 828 elementa
1523 808 1596 828 scin-

87 861 137 889 per
157 853 315 889 praesentia
337 853 569 891 (Oxygenium‚
595 852 835 889 Hydrogenium,
867 859 895 880 et
920 850 1145 889 Carbonicum)
1170 851 1262 881 varias
1285 858 1394 887 terras,
1418 851 1514 886 sales,
1538 859 1595 879 me-

84 904 153 932 talla
172 911 231 933 etc.
252 905 426 941 detegimus.

122 954 201 983 Haec
221 956 376 992 nonnulki,
400 962 433 985 ut
448 955 536 992 Tull,
556 964 614 986 van
634 954 787 992 Helmont,
807 956 997 991 Braconnot,
1018 961 1075 985 etc.
1096 960 1239 991 tamquam
1261 954 1402 990 producta
1422 958 1593 989 spectarunt

82 1005 267 1042 vegetativa,
289 1015 323 1035 ex
343 1007 430 1036 Aetis
450 1007 684 1043 Atmosphaerici
708 1015 735 1036 et
755 1016 844 1044 aquae
864 1008 1009 1037 varimoda
1030 1006 1171 1036 mixtione
1190 1015 1218 1036 et
1238 1007 1498 1043 decompositione.

121 1057 258 1085 Confusa
282 1066 350 1087 vero
377 1063 405 1086 et
430 1066 545 1086 erronea
574 1058 686 1086 videtur
718 1058 787 1086 haec
819 1058 960 1088 sententia
988 1059 1056 1086 dum
1085 1066 1138 1086 nec
1168 1058 1330 1094 synt-hetice
1365 1065 1417 1085 nee
1449 1057 1591 1092 analytice

85 1107 158 1136 tales
174 1107 305 1136 materies
321 1115 354 1136 ex
371 1107 450 1136 hisce
469 1108 624 1143 principiis
646 1108 762 1137 formari
779 1115 928 1144 possunt;
950 1109 1086 1137 convenit
1108 1109 1158 1137 illa
1176 1109 1239 1137 Idea
1262 1116 1329 1137 cum
1350 1116 1382 1136 ea
1401 1107 1590 1136 Alchemista-

80 1166 148 1187 rum
170 1158 222 1195 qui
242 1161 353 1188 Aurum
373 1159 533 1195 producere
552 1159 708 1188 voluerunt
727 1168 761 1188 ex
782 1159 908 1188 materiis
928 1159 971 1188 nil
991 1160 1052 1196 eJus
1071 1159 1304 1190 continentibus.

116 1209 173 1239 Pro
197 1216 275 1238 certo
299 1216 393 1239 autem
420 1216 536 1239 constat
556 1218 591 1239 ex
613 1210 824 1246 Atmosphaera
844 1210 951 1246 plantis
967 1210 1041 1239 nihil
1057 1210 1135 1239 aliud
1154 1212 1305 1246 accedere,
1326 1218 1409 1246 quam
1435 1211 1494 1239 Gas
1511 1210 1592 1247 Oxy·

81 1261 220 1298 genium,
243 1266 271 1288 et
292 1261 415 1289 Acidum
441 1260 658 1297 Carbonicum3
689 1261 809 1290 Azoton
839 1269 907 1289 vero
929 1268 964 1291 ex
985 1262 1046 1290 aere
1065 1262 1134 1298 (uti
1154 1268 1220 1290 ante
1238 1262 1387 1298 vidimus)
1410 1271 1468 1290 non
1493 1262 1594 1290 absor-

77 1311 140 1340 beri
165 1320 180 1339 a
203 1311 435 1348 vegetabilibus,
455 1312 511 1339 etsi
533 1311 632 1348 ipsum
655 1312 730 1340 inter
750 1311 885 1340 elementa
912 1312 1074 1347 plantatum
1094 1312 1254 1341 essentialia
1280 1313 1375 1340 locum
1400 1312 1523 1340 habeat:
1544 1320 1591 1340 ne-

79 1370 138 1397 que
164 1362 294 1391 materias
322 1367 445 1397 terreas,
475 1369 548 1396 quae
568 1362 677 1397 plantis
701 1362 803 1391 insunt
826 1368 854 1390 et
876 1362 1060 1391 contribuere
1086 1369 1212 1399 possunt
1230 1362 1264 1390 ad
1282 1360 1463 1391 formandum
1494 1371 1587 1390 earum

78 1418 175 1450 partes
196 1412 302 1441 solidas
315 1431 324 1446 ‚
346 1412 376 1440 in
393 1417 473 1440 statu
490 1411 610 1441 Gazoso
629 1412 658 1441 in
674 1413 887 1449 Atmosphaera
904 1414 1015 1442 adesse.
1054 1413 1159 1442 Insunt
1177 1420 1246 1441 vero
1263 1413 1358 1440 omnia
1375 1421 1404 1441 ea
1426 1421 1515 1449 aquae
1536 1413 1589 1440 hu-

77 1471 158 1492 mum
182 1462 337 1498 permeanti
356 1467 383 1490 et
397 1463 507 1492 radices
526 1463 666 1499 intranti3
687 1464 841 1498 eademque
858 1464 888 1492 in
913 1472 985 1499 aqua
1010 1463 1120 1492 solutae
1145 1469 1215 1491 sunt
1236 1463 1367 1492 materiae
1391 1464 1587 1499 extr-activae,

78 1514 200 1544 Azoton
220 1513 424 1548 continentes,
443 1513 531 1548 idque
550 1513 696 1541 radicibus
719 1514 832 1548 plantae
850 1513 1099 1542 administrantes.

113 1564 229 1593 Plantae
247 1572 262 1592 e
281 1564 390 1592 Natura
406 1562 435 1590 In
456 1563 536 1591 Saxis
553 1563 638 1591 aridis
657 1570 816 1592 crescentes
841 1564 886 1593 vel
910 1572 994 1593 arena
1009 1573 1080 1600 pura
1094 1585 1114 1600 „
1127 1573 1142 1593 e
1166 1565 1317 1600 particulis
1339 1565 1516 1602 (reliquiis)
1537 1574 1586 1595 ve-

76 1615 251 1652 getabilibus
275 1621 301 1643 et
323 1613 508 1643 Animalibus
531 1613 561 1642 in
592 1613 805 1651 Atmospnaera
837 1615 1114 1644 circumnatantibus
1148 1616 1286 1646 hauriunt
1306 1625 1338 1645 ea
1363 1617 1493 1645 alimenta
1518 1625 1590 1653 quae

77 1675 147 1704 gaza
169 1666 205 1694 iis
226 1665 359 1701 praebere
378 1673 437 1693 non
458 1670 594 1700 possunt.

115 1716 194 1745 Haec
217 1716 389 1752 corpuscula
404 1716 434 1744 in
455 1715 633 1752 superficiem
651 1716 788 1746 foliorum
817 1726 847 1747 se
872 1718 1022 1754 deponunt
1049 1718 1082 1746 ab
1108 1726 1181 1754 aqua
1197 1718 1379 1747 incumbente
1400 1718 1524 1754 (pluvia
1544 1719 1589 1748 vcl

73 1767 163 1803 rore)
184 1769 338 1796 solvuntur
358 1775 387 1797 et
407 1769 445 1797 ita
466 1768 563 1797 soluta
576 1788 587 1803 ‚
605 1776 673 1797 vasa
694 1769 812 1798 intrant.

114 1818 200 1855 Aqua
233 1819 368 1855 pluvialis
403 1827 488 1856 quam
526 1820 648 1852 maxime
682 1821 762 1850 hisce
785 1820 939 1859 principiis
970 1828 1077 1850 onusta
1108 1826 1179 1856 est,
1213 1827 1239 1848 et
1269 1820 1369 1849 exinde
1401 1826 1503 1849 tantam
1526 1820 1583 1848 vim

1527 1871 1587 1905 soe·

98 1951 150 1982 (ι)
169 1952 253 1979 Halm,
274 1952 314 1977 loc,
332 1952 372 1976 cit.

842 1997 908 2036 Da
