1946 2517
308 167 345 192 ω
617 168 620 170 ’
654 153 1072 195 ῙΑΝΓΒΠΠΟΕΡΗΙ
1112 161 1190 184 VAN
1224 152 1453 185 MAANEN

673 436 977 471 CAPUT
1041 436 1442 471 SEXTUM.

870 555 1246 576 FABRIGA.

298 673 329 710 S.
349 673 395 702 16.
421 641 673 700 Absconditam
694 676 721 699 et
739 669 882 706 explicatu
900 668 1092 698 difficillimam
1109 669 1220 706 hepatis
1237 668 1376 698 internam
1391 674 1567 698 structuram
1583 670 1726 699 veteribus
1743 679 1816 701 ana-

301 724 417 753 tomicis
441 723 610 756 exstitisse,
632 721 734 758 procul
755 721 843 750 dubio
862 717 987 749 videtur.

341 775 469 804 Galenus
487 773 561 801 illud
580 772 680 801 viscus
692 792 702 807 ‚
724 780 790 800 cum
807 770 945 807 sanguine
962 771 1117 808 coagulato
1137 777 1296 808 comparat.
1338 771 1548 801 Erasistratus
1572 772 1692 809 eiusque
1714 779 1808 802 secta-

307 831 385 854 tores
404 825 490 860 hepar
514 825 647 852 dixerunt
671 823 826 852 conflatum
852 830 915 851 esse
944 830 978 850 ex
1004 823 1080 851 vasis
1100 829 1127 850 et
1144 822 1282 859 sanguine
1310 822 1386 851 circa
1411 830 1479 851 vasa
1504 829 1659 858 concreto,
1687 830 1715 852 et
1737 823 1809 852 hine¹

306 877 478 914 παρεγχύμα
493 874 701 904 circumfusum
718 874 862 903 dixerunt.v
883 872 915 901 ln
930 881 1028 909 genere
1045 873 1118 902 Inter
1131 873 1349 910 parenchymata
1360 894 1369 909 ‚
1386 873 1495 903 viscera
1515 874 1715 909 collocabant,
1734 882 1811 910 quae

307 928 415 963 aliquid
435 927 602 962 elaborant,
630 925 696 954 usui
721 925 868 954 communi
894 925 986 953 totius
1013 925 1145 960 corporis
1168 925 1342 954 inserviens.
1383 925 1497 955 Gllfson
1519 924 1605 961 hujus
1629 926 1810 954 substantiae

300 977 495 1007 friabilitatem
514 977 614 1006 docuit
635 984 699 1005 esse
713 982 836 1012 tantam,
861 981 893 1003 ut
914 974 1006 1003 ablata
1025 975 1199 1004 investiente
1215 975 1333 1010 tunica,
1356 974 1440 1005 facile
1456 975 1570 1004 effluere
1587 976 1693 1010 possit.
1724 976 1811 1004 Mal-

296 1031 416 1068 pigliius
442 1035 500 1057 tam
521 1027 607 1056 nudis
633 1035 718 1062 quam
749 1027 863 1055 armatis
890 1026 1007 1059 oculis,
1036 1025 1148 1061 hepatis
1170 1026 1362 1061 parenchyma
1392 1025 1535 1061 indagavit
1565 1025 1649 1060 idque
1674 1033 1806 1056 constare

300 1081 391 1113 dixit,
415 1079 535 1108 maxima
551 1087 585 1107 ex
603 1085 683 1115 parte
703 1086 718 1106 e
736 1078 830 1113 vasis,
850 1083 991 1106 caeterum
1019 1084 1034 1104 e
1056 1076 1261 1111 corpusculis,
1283 1083 1355 1111 quae
1372 1075 1471 1104 acinos
1495 1076 1542 1103 vel
1566 1074 1715 1105 folliculos
1733 1086 1805 1106 suos

300 1132 489 1169 glandulosos
519 1129 660 1165 voca-vit,
687 1129 806 1165 figuram
837 1128 975 1157 habentes
1002 1128 1176 1163 hexagonam
1209 1128 1254 1156 vel
1282 1127 1407 1164 plurium
1433 1127 1573 1163 laterum,
1603 1128 1659 1157 sibi
1682 1129 1806 1160 invicem

298 1184 522 1219 accumbentes,
557 1190 587 1212 ac
615 1181 754 1218 lobulos,
783 1181 901 1210 conicae
929 1180 1099 1217 plerumque
1130 1176 1258 1214 figurae,
1292 1178 1406 1214 propria
1434 1178 1596 1208 membrana
1624 1180 1804 1219 investitos,

299 1236 464 1265 efficientes.

337 1285 586 1322 Diligentissimus
609 1284 760 1321 indagator
776 1284 892 1322 Ruysch
911 1288 1069 1320 postquam
1089 1289 1176 1312 artem
1205 1282 1350 1311 invenerat
1370 1281 1493 1317 partium
1512 1281 1677 1311 animalium
1690 1285 1802 1313 ceracea

304 1337 418 1365 materia
444 1336 649 1371 implendarum
673 1342 699 1363 et
718 1336 991 1372 praeparandarum‚
1014 1342 1101 1363 totam
1129 1334 1242 1369 hepatis
1270 1334 1373 1361 molem
1396 1341 1428 1361 ex
1454 1332 1545 1361 acinis
1565 1334 1700 1370 quidem,
1725 1344 1800 1371 quos

301 1394 393 1415 tamen
413 1386 600 1422 glandulosos
617 1383 768 1413 folliculos
793 1393 855 1413 esse
877 1386 1012 1422 negavit,
1032 1385 1182 1413 conflatam
1201 1392 1263 1419 esse
1287 1383 1384 1418 dixit,
1405 1382 1608 1412 constantibus
1621 1393 1654 1412 ex
1672 1387 1798 1415 vasculis

299 1437 445 1470 minimis,
467 1435 579 1470 motui,
600 1435 774 1470 nuti-irioni,
797 1436 950 1464 secretioni
978 1443 1005 1464 et
1032 1427 1197 1472 reductioni
1211 1433 1384 1470 destinatis,
1405 1440 1482 1462 arcte
1503 1434 1578 1462 iuter
1600 1442 1630 1463 se
1646 1435 1801 1466 cohaeren-

298 1488 379 1516 tibus
399 1493 426 1515 et
450 1487 544 1516 ubivis
567 1494 766 1515 anastomoses
787 1485 980 1516 formantibus
1001 1488 1083 1524 (a).

335 1537 522 1566 Recentiores
541 1538 611 1566 satis
634 1538 772 1574 probasse
789 1539 941 1574 videntur,
962 1540 1023 1576 eJus
1048 1539 1205 1573 fabricam,
1228 1536 1377 1566 maximam
1395 1541 1501 1572 partem
1525 1542 1558 1563 ex
1580 1537 1738 1565 tenerrimis
1757 1537 1802 1566 di-

296 1589 371 1617 versi
391 1589 500 1625 generis
530 1589 654 1617 vasculis
673 1589 825 1625 principiis
841 1578 1117 1626 hydr'ocarbonaceis
1137 1590 1272 1624 onustis,
1300 1587 1456 1616 cellulosae
1475 1595 1530 1623 ope
1554 1594 1651 1615 secum
1674 1588 1796 1618 invicem

296 1640 378 1668 nexis
391 1660 401 1674 ‚
421 1644 565 1668 constare.
805 1675 811 1680 δ
836 1671 839 1673 ,
1461 1670 1464 1674 ⁴
1592 1671 1594 1673 ‚

333 1691 364 1726 S.
389 1698 434 1725 17.
469 1689 545 1718 lnter
568 1690 716 1726 glandulas
732 1699 746 1719 a
759 1680 907 1720 nonnullis
927 1698 1093 1721 numeratur
1109 1692 1206 1727 hepar,
1229 1700 1279 1727 per
1297 1690 1445 1726 glandulas
1463 1689 1650 1726 intelligendo
1665 1699 1795 1728 organa,

296 1750 311 1770 c
331 1741 437 1776 quibus
466 1749 523 1768 uno
549 1741 714 1775 plurbusve
732 1742 868 1771 ductibus
886 1745 1052 1772 excretoriis
1069 1750 1195 1771 secretus
1215 1744 1332 1777 liquor,
1353 1750 1435 1777 quem
1453 1747 1556 1774 organa
1572 1749 1586 1769 e
1604 1743 1760 1778 sanguine,
1779 1750 1797 1770 a

298 1792 374 1820 vasis
391 1793 422 1819 ati
442 1791 490 1819 illa
509 1791 690 1820 lendentlbus
708 1801 846 1829 accepto,
867 1801 1017 1830 separant,
1047 1795 1122 1824 fluit.
1165 1793 1346 1822 Dissentiunt
1371 1793 1425 1821 viri
1451 1792 1528 1820 docti
1550 1800 1616 1820 num
1643 1793 1677 1820 ad
1701 1793 1802 1822 chara-

298 1849 400 1872 ctertm
419 1842 568 1879 ⁸§blandulae
586 1844 785 1880 essentialem,
805 1845 912 1873 ductus
937 1845 1113 1874 excretorias
1139 1845 1297 1881 pertineat,
1326 1842 1375 1879 qui
1402 1842 1545 1878 liquorem
1570 1842 1601 1871 in
1628 1842 1705 1872 illius
1731 1844 1801 1872 sub-

1725 1902 1802 1925 stan·

317 1975 369 2003 (ι)
387 1975 425 1999 Cf.
440 1975 542 2002 Rapui,
566 1977 610 2001 Tb.
625 1977 667 1999 Au.
681 1976 708 1999 u.
724 1983 791 2000 asser.
806 1982 828 2003 ³·
843 1977 873 1999 N.
888 1982 907 1999 ι.
924 1977 970 1999 Ἧι.
986 1977 1049 2000 Max.
1064 1977 1094 1999 N.
1108 1978 1145 2003 9⁸·
