1946 2517
365 166 402 195 33
708 151 1523 201 EUGENIIDAVIDS

367 239 588 270 foecundantem
619 239 688 268 huic
720 237 822 266 tribuit
853 236 1025 266 Sam-surius
1053 236 1134 273 (ιι).

404 292 630 328 Absor-ptionem
656 291 753 319 harum
781 289 959 317 materici-um
984 287 1064 316 valde
1087 287 1181 316 utilem
1206 295 1268 316 esse
1293 288 1401 323 plantis
1425 288 1626 325 vegetantibus
1652 297 1688 319 ex
1710 297 1744 320 eo
1768 295 1866 327 patet,

367 343 447 380 quod
475 343 664 378 paucissimae
690 341 748 369 sint
773 341 904 376 plantae,
944 346 1016 374 quae
1041 347 1073 367 ex
1102 339 1164 367 sola
1190 340 1400 375 Atmosphaera
1425 340 1597 370 nutrimenta
1623 341 1754 378 capiant,
1781 348 1870 379 eaque

369 404 430 424 csse
453 393 582 430 perennia
603 392 644 420 uti
667 392 791 420 lichenes
807 411 816 425 ,
837 389 927 418 filices
949 394 979 418 et‘
997 390 1112 419 arbores
1133 390 1299 425 pinniferae.

409 446 450 473 Ex
469 444 548 472 hisce
575 443 705 471 videmus
732 443 850 470 humum
873 441 1030 477 fimumque
1053 441 1128 470 haud
1147 441 1257 470 nutrire
1273 441 1335 470 sola
1350 442 1514 472 evolutione
1532 448 1560 471 et
1575 442 1760 471 absorbtione
1775 451 1866 478 aquae

366 496 541 530 aerumque,
565 503 638 530 quos
663 493 811 528 continet,
849 493 898 521 sed
925 492 990 521 huic
1017 500 1101 530 quain
1131 493 1249 521 maxime
1272 491 1401 522 conferre
1429 494 1496 523 alias
1526 493 1681 530 particulas
1703 494 1740 524 iis
1767 494 1869 524 insitas

367 554 394 575 et
412 555 501 582 aquae
523 547 632 574 solutas
655 547 811 581 plantarum
835 544 942 572 radices
963 543 1100 572 intrantes
1120 543 1187 580 (b)
1207 551 1307 578 nempe
1328 544 1457 573 materias
1486 545 1611 579 salinas,
1640 550 1743 574 terreas
1767 551 1795 574 et
1812 553 1869 574 me-

369 598 492 626 tallicas.
534 597 717 633 Experientia
740 596 811 624 enim
838 603 891 623 nos
918 594 1019 623 docuit
1042 595 1161 630 plantas«
1182 594 1294 623 eosdem
1318 595 1390 623 sales
1417 596 1583 632 continere,
1613 596 1721 632 quibus
1747 597 1870 626 terrain

365 657 422 685 qua
452 654 597 677 creverant
621 647 811 683 impraegnata
833 651 890 673 erat
910 645 949 681 (c
970 651 998 673 et
1017 644 1071 682 d).
1113 644 1208 673 Variis
1233 645 1432 681 experimentis
1457 646 1591 682 probavit
1616 648 1790 676 Saussurius
1805 647 1867 685 (c)

366 701 479 736 finitas
504 708 534 727 ea
552 700 671 735 quaein
692 705 765 733 aqua
794 697 890 725 soluta
911 697 1016 725 adsunt
1041 696 1204 725 absorbere.
1252 696 1373 726 Radices
1399 697 1539 733 Polygoni
1565 697 1753 734 Persicariae,
1782 697 1868 728 Bidas

364 751 568 785 Cannabinae‚
597 758 654 777 etc.
685 756 775 784 aquae
796 748 915 777 immisit
938 747 1026 777 variis
1052 746 1178 775 materiis
1206 747 1305 775 salinis
1334 747 1540 784 impraegnatae
1564 756 1594 778 v.
1623 757 1666 784 gr.
1694 756 1761 777 cum
1787 749 1867 779 Mur.

363 803 475 836 Simiae,
497 802 579 830 Mur.
600 800 754 835 Potassae,
775 799 889 828 Nitrate
905 799 1023 834 Calcis,
1045 798 1150 834 Sulph.
1171 797 1288 833 cupri,
1320 797 1425 834 Sulph.
1449 798 1542 827 Sodae
1567 805 1595 827 et
1622 799 1697 828 aliis.
1739 799 1867 836 Tempo-

361 854 402 882 ris
426 861 515 889 parvo
539 851 635 887 spatio
653 851 844 888 praeterlapso
864 858 964 879 omnes
985 850 1096 886 plantas
1119 850 1217 877 harum
1243 849 1585 885 materiarumquandam
1611 849 1796 886 quantitatem
1819 850 1871 879 ab.

361 904 505 939 serpsisse
522 903 642 932 invenit.
685 902 793 930 Interea
812 902 988 930 diversarum
1011 901 1175 936 plantarum
1198 900 1309 928 diversa
1332 908 1451 935 quoque
1476 907 1521 929 est
1542 901 1615 930 ratio
1637 907 1665 930 et
1687 901 1809 931 affinitas
1833 901 1869 930 ad

362 953 539 983 diversorum
567 953 668 982 salium
695 952 921 988 susceptionem.

402 1005 498 1034 Divus
524 1011 623 1033 noster
648 1004 826 1033 Boerhavius
847 1003 910 1041 (f)
931 1004 1052 1039 probare
1073 1001 1194 1030 tentavit
1216 1009 1317 1036 aquam
1338 1002 1372 1030 ad
1396 1002 1565 1038 vegetabilis
1589 1002 1758 1032 nutrimenti
1781 1009 1869 1033 mate-

363 1044 430 1084 riem
456 1054 576 1083 maxime
603 1054 752 1089 con'ferre3
779 1062 928 1089 nunquam
955 1062 1023 1082 vero
1048 1059 1169 1089 puram,
1191 1052 1241 1080 sed
1265 1051 1351 1080 variis
1375 1053 1583 1089 corpusculis,
1616 1054 1755 1083 Naturam
1785 1057 1867 1090 vege-

360 1107 480 1135 tantium
501 1106 616 1141 penitus
644 1104 854 1139 referentibus,
879 1103 1086 1140 plenissimam.

401 1157 648 1186 Considerandum
670 1156 756 1185 nobis
775 1164 853 1185 nunc
873 1155 952 1184 venit
973 1158 1120 1191 quomodo
1140 1165 1214 1193 aqua
1235 1156 1350 1194 propria
1370 1165 1421 1186 sua
1443 1157 1691 1193 decompositione
1710 1163 1789 1194 agat.

396 1209 456 1238 Diu
476 1208 646 1244 inexplicata
664 1208 800 1236 remansit
815 1208 898 1236 etiam
916 1208 1017 1238 haecce
1035 1209 1161 1238 benefica
1175 1217 1263 1245 aquae
1277 1209 1352 1237 actio
1371 1209 1461 1237 donec
1478 1208 1679 1237 Lavoisicrius
1696 1214 1723 1236 et
1734 1207 1869 1237 Betthol·

359 1261 432 1290 Iesus
453 1260 514 1296 ejus
536 1259 778 1294 compositionem
801 1260 967 1288 detexerunt
988 1259 1194 1297 (Oxygenium
1219 1260 1331 1288 scilicet
1351 1266 1378 1288 et
1399 1259 1652 1296 Hydrogeniumy

405 1309 631 1339 Considerantes
665 1309 738 1338 enim
769 1310 930 1345 plantarum
957 1311 1112 1345 elementa,
1149 1311 1224 1339 inter
1263 1311 1414 1346 primaria,
1442 1311 1613 1339 invenerunt
1649 1308 1866 1346 Hydrogenium

359 1367 387 1389 et
417 1360 619 1397 Oxygenium3
650 1360 751 1388 exinde
779 1360 987 1389 concluderunt
1014 1361 1179 1397 vegetabilia
1199 1369 1285 1396 quarn
1309 1361 1427 1389 maxime
1447 1361 1621 1389 nutrimenta
1647 1359 1758 1387 haurire
1778 1367 1867 1395 posse

358 1421 393 1441 ex
417 1421 510 1448 aqua,
543 1417 574 1438 ut
598 1417 666 1446 pote
688 1419 778 1446 quae,
808 1411 944 1439 elementa
970 1411 1017 1439 illa
1039 1419 1148 1439 summa
1168 1412 1254 1446 copia
1281 1412 1317 1440 iis
1346 1411 1485 1447 porrigat.
1529 1409 1735 1447 lngcnhouszii
1758 1409 1868 1446 experi-

362 1469 455 1492 menta
480 1463 600 1491 multum
619 1461 748 1490 fecerunt
767 1462 801 1489 ad
817 1461 1060 1497 comprobandam
1085 1461 1158 1489 hanc
1185 1463 1375 1499 sententiam3
1399 1460 1564 1491 observavit
1586 1461 1661 1489 enim
1687 1460 1755 1496 ille,
1785 1460 1868 1497 plan·

356 1521 400 1542 tas
429 1513 484 1542 sub
512 1521 584 1548 aqua
613 1514 681 1550 (g)
709 1513 766 1541 luci
812 1513 956 1548 expositas
983 1513 1126 1548 puriorem
1154 1513 1241 1541 acrem
1271 1512 1544 1549 dephlogisticatum
1568 1511 1702 1547 reddere;
1731 1512 1770 1540 ita
1792 1511 1865 1540 illud

358 1565 577 1601 phaenomcnon
601 1564 767 1599 explicans,
797 1565 875 1599 quod
899 1564 1010 1599 plantae
1038 1563 1104 1600 (h)
1137 1571 1171 1592 ex
1192 1572 1266 1600 aqua
1286 1563 1420 1592 sorbeant
1440 1563 1530 1591 aerem
1558 1570 1739 1591 communem
1764 1563 1865 1600 hujus-

357 1624 413 1652 que
431 1622 537 1651 partcm
558 1615 764 1652 phlogisticam
788 1621 899 1644 vertant
928 1616 959 1643 in
981 1614 1026 1643 sui
1047 1614 1275 1651 nutrimentum,
1294 1614 1394 1650 itaque
1415 1615 1506 1643 aerem
1529 1601 1799 1649 deplilogisticatum
1824 1621 1868 1642 re·

1812 1667 1870 1697 lin.

386 1733 435 1761 (a)
460 1733 500 1753 1⁰⁶·
519 1732 559 1754 ‘1'1-
586 1739 635 1760 9³13-
653 1738 675 1759 9·
709 1733 756 1755 Aul
770 1740 824 1755 vero
838 1732 902 1761 hm'us
919 1739 988 1762 aquae
1003 1733 1128 1763 pluviatilis
1147 1734 1273 1756 beneficum
1288 1734 1392 1757 effectum
1411 1740 1439 1757 ex
1454 1739 1483 1757 eo
1502 1732 1622 1761 pervenire
1643 1737 1752 1761 statuunt,
1768 1735 1828 1760 quod
1842 1733 1865 1756 el

355 1774 428 1799 major
448 1773 500 1795 insit
514 1774 624 1799 Oxygcnii
640 1774 720 1800 copia,
738 1781 780 1801 qun
798 1777 886 1802 planiae
902 1783 983 1803 organa
998 1777 1066 1804 magis
1081 1777 1228 1799 stimulantur.
1259 1776 1295 1798 Cf.
1314 1774 1400 1806 luffa,
1414 1776 1454 1801 loc,
1471 1775 1514 1797 tir.
1530 1781 1580 1804 pag.
1595 1781 1645 1802 144.
1662 1781 1685 1798 er
1700 1774 1867 1803 Istumst-nn,

349 1815 450 1840 meml
463 1814 487 1834 dc
505 1813 578 1834 l'e'ctile
595 1814 781 1842 Pol-vtetlmiqrae,
799 1818 844 1839 enh
872 1817 910 1838 ΙΗ.
927 1825 975 1845 μς,
991 1819 1040 1845 ⁵76-

384 1857 434 1884 (h)
452 1855 536 1883 λαβὴ,
551 1855 590 1877 loc.
610 1856 650 1877 cfr,
668 1862 715 1883 pag.
730 1858 780 1881 259.
796 1863 817 1878 ct
833 1858 912 1877 ls'arin
923 1874 929 1885 ‚
947 1859 1113 1887 Philorophical
1132 1858 1304 1886 Tramacn'om,
1319 1862 1381 1886 1791-

385 1898 428 1923 (t)
447 1897 540 1916 Κίνυπι·
557 1896 581 1915 dc
598 1896 751 1916 marim-euers
764 1898 892 1924 plantarum
910 1899 931 1920 in
950 1901 1018 1920 thlls
1034 1901 1150 1926 Amrulen,
1174 1902 1240 1922 Toni.
1255 1900 1270 1921 Ι.
1289 1901 1349 1926 1746.

381 1937 429 1964 (d)
446 1937 610 1963 [nidera-andr,
633 1939 807 1965 Ausanrgrit'nde
824 1939 864 1959 dar
880 1940 978 1968 (nimie,
995 1947 1057 1969 1744.
1073 1943 1139 1964 Tem·
1154 1942 1194 1964 ΠΙ,
1215 1946 1264 1969 pag·
1281 1940 1331 1968 887.

384 1979 431 2004 (e)
449 1978 568 2004 Sannum,
584 1978 624 2001 loc,
641 1979 683 2000 cit.
710 1971 716 1975 ¹

384 2019 430 2045 (s)
451 2020 520 2041 cons.
538 2019 649 2039 ljlcmenm
667 2020 782 2050 Chemfas,
798 2022 815 2044 l.
827 2023 852 2045 B.
875 2028 936 2049 ¹732·
965 2024 1029 2044 Tom.
1044 2023 1062 2043 1.
1086 2028 1134 2049 pag.
1151 2028 1202 2050 59²·

404 2067 435 2087 ta·
449 2059 489 2083 loc.
508 2060 549 2083 tit.
565 2066 614 2088 pog-
634 2067 669 2088 2³-
863 2063 911 2090 (11)
934 2063 975 2087 loc.
992 2063 1034 2086 tit.
1051 2069 1100 2092 pag.
1119 2068 1155 2089 35.
