1946 2517
419 197 642 229 RESPONSIO
663 207 703 227 AD
724 197 1020 235 QUAESTIONEM
1043 198 1360 230 THEOLOGJCAM.
1604 210 1636 238 13

133 290 167 312 ex
196 281 368 318 discipulis,
398 289 473 317 quos
503 289 599 310 secum
630 281 767 314 duxerat,
794 277 839 307 his
869 279 965 308 verbis
989 282 1208 317 compellavisse
1240 283 1365 319 legitur:
1394 283 1537 319 περίλυπός
1562 285 1636 313 ἔστιν

134 336 150 369 ἡ
169 335 249 372 ψυχή
265 346 317 370 μου
335 333 383 367 ἕως
403 335 527 364 θανάτου.
569 332 634 361 Vid.
656 331 754 360 Matth
781 330 898 359 XXVl:
917 340 969 367 37,
991 333 1023 368 38
1046 333 1115 361 coll.
1137 333 1231 363 Marc.
1256 335 1343 363 XlV:
1368 342 1424 370 33,
1443 342 1493 372 34.
1532 334 1633 363 caete-

133 392 215 419 rum,
237 386 316 420 quod
337 385 407 413 idem
426 385 575 413 annotavit
596 383 735 417 Grotius,
757 383 894 417 Apostoli
914 384 1030 419 saepius
1051 385 1155 413 eximie
1176 386 1313 414 dicuntur
1332 388 1484 422 μάρτυρες,
1507 392 1538 413 ut
1559 386 1635 414 Luc.

127 437 244 466 XXIV:
264 437 313 474 48.
343 436 410 466 Act.
433 436 461 465 l:
487 437 514 466 8.
544 435 590 464 V:
614 442 661 470 32.
690 433 734 461 X:
759 440 796 468 39
823 433 892 463 coll.
913 443 970 471 40,
991 443 1040 471 41.
1083 435 1198 465 Dubito
1222 444 1336 472 tamen,
1365 446 1399 466 an
1421 438 1450 467 id
1473 437 1514 465 ibi
1537 439 1634 465 eodem

129 494 217 515 sensu
242 495 274 515 ac
296 487 324 515 in
349 494 452 517 nostro
477 487 544 514 loco
566 485 761 520 accipiendum
784 484 834 512 sit.

163 540 198 569 ⁸0
221 539 266 568 καὶ
293 543 341 572 τῆς
368 539 521 574 μελλούσης
542 537 783 568 ἀποκαλύπτεσθαι
809 537 886 571 δόξης
914 538 1048 573 κοινωνός,
1075 539 1198 578 itemque
1221 540 1354 577 gloriae,
1386 549 1458 578 quae
1479 539 1634 575 manifesta

130 589 292 626 reddetur,
320 598 442 618 consors.
483 590 550 622 Tale
574 590 715 624 παθήμασι
737 591 785 619 τοῦ
810 592 922 625 Χριστοῦ
948 590 994 618 hic
1021 591 1131 628 opponi
1161 592 1232 620 mihi
1254 592 1366 620 videtur
1393 591 1516 628 eiusdem
1548 591 1634 625 δόξα,

124 648 213 678 atque
238 643 306 670 adeo
332 648 401 678 post
431 640 507 677 δόξης
532 642 726 677 supplendum
755 649 913 676 pronomen
944 643 1044 672 αὐτοῦ.
1098 642 1174 671 Satis
1204 649 1297 671 autem
1329 649 1463 678 constat,
1495 643 1572 678 δόξαν
1600 642 1635 669 de

121 692 152 730 J.
167 693 203 723 C.
225 692 384 721 adhibitum
403 693 517 729 saepius
535 693 668 721 denotare
692 701 830 721 summam
845 692 906 728 ejus
923 691 1095 729 dignitatem
1119 699 1146 722 et
1166 693 1354 722 conditionem
1373 694 1529 731 gloriosam
1542 713 1553 728 ,
1575 701 1634 730 qua

123 745 156 772 in
172 744 258 773 coelis
267 744 415 781 fruitur:
434 744 490 773 hoc
513 745 613 773 saltem
633 751 720 772 sensu
738 742 902 779 accipienda
926 742 995 770 mihi
1018 743 1129 771 videtur
1148 746 1215 780 δόξα
1237 745 1265 773 in
1288 745 1362 773 locis
1382 745 1467 774 Matr.
1485 745 1567 774 xlx:
1590 746 1635 773 18.

122 795 241 825 XXIV:
265 804 310 831 30-
347 795 424 825 Luc.
445 794 558 824 XXIV:
589 795 638 824 26.
665 793 755 823 Rom.
777 793 865 822 Vffl:
890 795 937 823 18.
966 794 1029 823 Tit.
1050 794 1095 824 11:
1120 804 1163 832 13.
1196 796 1280 826 1Pet.
1302 796 1362 825 lV:
1387 805 1431 832 13,
1487 797 1533 824 Ad
1560 797 1633 824 hanc

119 846 204 882 δόξαν
230 846 312 875 etiam
339 846 371 876 h.
391 848 412 876 1.
442 846 546 883 respici
573 847 719 882 arbitror,
749 854 814 874 cum
839 846 921 881 quod
949 845 996 874 hic
1016 851 1072 880 »reu
1098 847 1244 883 παθήμασι
1268 847 1379 883 opp'oni
1402 848 1549 882 videatur,
1569 848 1631 875 t'um

128 897 167 925 ob
186 897 310 925 additam
337 897 489 926 formulam
513 901 562 932 τῆς
584 897 736 935 μελλούσης
757 896 1013 928 ἀποκαλύπτεσθαι.
1055 898 1232 928 Continetur
1255 899 1307 927 hac
1333 899 1430 934 phrasi
1456 897 1631 934 periphrasis

110 948 262 982 >temporis
282 948 396 984 futuri,
417 949 489 977 idem
510 957 577 986 ergo
597 949 749 986 designat,
770 957 802 977 ac
823 949 848 976 si
867 950 1006 984 scriptum
1026 955 1101 977 esset
1121 953 1172 984 τῆς
1190 950 1495 988 ἀποκαλύφθησομέοης.
1536 949 1627 977 Conf.

123 1005 198 1033 quae
225 999 260 1027 de
287 999 343 1028 hoc
373 999 515 1028 formulae
544 1000 630 1037 hujus
660 1009 714 1028 usu
740 1000 888 1030 annotavit
920 1000 1050 1028 Zeunius
1080 1000 1115 1028 ad
1144 1000 1282 1037 Vigerum
1312 1000 1348 1030 de
1373 999 1529 1030 Idiotismis
1557 1001 1632 1037 ling.

122 1048 258 1076 Graecae
280 1058 346 1084 pag.
365 1048 440 1084 25⁴³
461 1052 667 1080 ἀποκαλύπτειν
691 1050 720 1078 νὶ
746 1050 970 1086 praepositionis
997 1051 1113 1087 proprie
1137 1052 1268 1088 designat
1295 1051 1447 1089 detegere,
1477 1051 1629 1087 revelare,

123 1107 269 1127 removere
285 1098 415 1127 velamen
432 1100 650 1135 opponiturque
670 1101 797 1136 simplici
815 1101 987 1136 καλύπτειν,
1010 1103 1089 1137 quod
1106 1103 1222 1131 denotat
1238 1104 1371 1139 operire,
1389 1109 1485 1138 tegere
1497 1123 1506 1137 ,
1519 1103 1630 1131 velare.

119 1149 320 1185 Metaphorice
346 1150 465 1185 ponitur
490 1159 545 1186 pro
575 1161 635 1180 rem
655 1158 797 1180 secretam
820 1157 847 1179 et
871 1153 1011 1182 occultam
1034 1153 1210 1192 patefacere
1227 1159 1255 1180 et
1280 1153 1464 1188 manifestam
1490 1152 1628 1187 reddere,

120 1209 181 1236 quo
207 1208 294 1229 sensu
321 1202 402 1229 etiam
430 1202 591 1238 opponitur
608 1202 735 1238 simplici
756 1204 924 1238 καλύπτειν,
946 1203 1035 1232 Matt.
1058 1205 1105 1233 X:
1127 1205 1163 1232 25
1184 1210 1211 1231 et
1237 1203 1303 1231 alibi
1333 1204 1362 1231 in
1381 1203 1422 1232 N.
1441 1203 1474 1232 F.
1498 1202 1626 1237 scriptis.

117 1253 206 1288 Apud
237 1254 410 1290 Interpretes
445 1254 657 1283 Alexandrinos
690 1262 898 1291 nonnunquam
932 1255 1087 1290 respondet
1119 1254 1262 1283 Hebraico
1289 1236 1382 1289 nin,
1412 1262 1438 1283 e.
1459 1261 1488 1289 g.
1521 1253 1626 1283 Amos.

117 1302 179 1332 111:
202 1311 240 1339 7;
262 1306 506 1335 ἀποκαλύπτεσθαι
535 1305 637 1334 eximie
650 1299 762 1334 ‘dicitur
782 1315 846 1341 res,
868 1306 952 1343 cujus
973 1307 1052 1334 ratio
1076 1311 1164 1334 antea
1189 1314 1244 1334 non
1262 1308 1333 1334 satis
1346 1307 1475 1343 perspici
1487 1313 1606 1343 poterat
1619 1326 1630 1341 ‚

108 1355 177 1390 jam
202 1363 269 1383 ‘vero
299 1357 491 1392 cognoscenda
515 1357 697 1395 praebetur,
724 1358 812 1395 idque
835 1357 984 1395 singulari
1012 1356 1071 1385 Dei
1102 1359 1292 1392 interventu,
1322 1365 1348 1386 e.
1367 1365 1396 1392 g.
1425 1357 1504 1392 Epli.
1530 1357 1588 1385 111:
1610 1365 1629 1393 5

112 1405 182 1434 coll.
205 1413 242 1441 2,
263 1414 302 1443 3,
323 1406 363 1442 6,
393 1414 453 1442 quo
478 1415 564 1438 sensu
592 1409 676 1436 etiam
704 1408 731 1436 in
760 1415 861 1437 nostro
893 1409 959 1437 loco
984 1409 1135 1436 adhibetur
1163 1408 1198 1436 de
1221 1408 1321 1444 gloria
1349 1404 1405 1436 illa
1429 1408 1465 1443 J.
1494 1408 1526 1437 C.
1553 1415 1627 1444 quae

110 1457 275 1494 allquando
293 1458 395 1495 palam
412 1457 465 1494 fiet
489 1465 517 1486 et
539 1459 739 1498 conspicienda
757 1458 960 1496 praebebitur.
1008 1459 1100 1487 Simili
1124 1466 1178 1487 usu
1203 1458 1276 1486 infra
1297 1466 1324 1487 c.
1343 1467 1362 1494 4
1394 1458 1520 1487 occurrit
1538 1460 1625 1494 φωνε-

113 1510 218 1544 ροῦσθοιι
240 1508 269 1536 in
290 1508 413 1536 formula
440 1511 632 1546 φανερωθέντος
655 1513 703 1540 τοῦ
731 1511 934 1547 ἀρχιποιμένος.
989 1509 1082 1539 Conf.
1102 1510 1136 1538 de
1159 1509 1253 1538 eadem
1281 1517 1310 1537 re
1335 1509 1476 1537 adhibitae
1514 1507 1624 1537 formu-

113 1559 156 1586 128
175 1561 407 1597 ἀποκαλυφθῆναι
427 1560 516 1590 Rom.
539 1560 624 1589 vill:
649 1562 680 1590 18
702 1562 878 1598 α’ποκαλύψις
903 1564 955 1590 τῶν
981 1562 1042 1591 ὖιῶν
1061 1563 1108 1591 τοῦ
1127 1563 1183 1591 θεοῦ
1205 1560 1294 1589 Rom.
1311 1557 1397 1586 VIII:
1419 1566 1476 1594 19,
1497 1559 1624 1595 aliaeque

110 1610 214 1639 citatae
235 1619 251 1639 a
282 1611 347 1642 Cel.
369 1611 408 1647 J.
428 1620 487 1641 van
512 1611 617 1641 Voorst
643 1612 671 1640 in
700 1614 929 1641 Armotationum
957 1613 989 1639 in
1017 1612 1098 1640 Loca
1118 1612 1231 1641 Selecta
1255 1608 1338 1638 Novi
1368 1609 1504 1638 Foederis
1529 1611 1625 1648 Speci-

108 1661 233 1691 o'm‘ne'l.
260 1671 327 1699 pag.
344 1663 389 1692 26.
440 1663 537 1700 Hujus
569 1664 644 1699 δόξης
671 1663 775 1691 Petrus
809 1663 964 1696 aliquando
991 1662 1107 1688 futurus
1134 1667 1193 1688 erat
1222 1661 1358 1696 κοινωνόςς
1388 1660 1453 1696 ipsa
1485 1663 1559 1690 enim
1586 1661 1627 1689 rei

111 1717 210 1740 natura
233 1714 368 1748 supplere
389 1714 470 1749 jubet
489 1715 632 1749 §adame-3
657 1713 773 1745 κοινωνὸς
796 1719 866 1740 vero
885 1717 930 1739 est
954 1710 1048 1746 idem,
1063 1711 1152 1746 *quod
1175 1712 1291 1749 μέτοχος
1307 1732 1317 1747 ,
1339 1713 1437 1747 7217,
1454 1713 1622 1750 particeps,

109 1772 234 1792 consors.
285 1764 449 1794 Consortes
473 1766 535 1802 ejus
565 1765 655 1793 futuri
683 1770 760 1792 erant
789 1761 968 1799 Presbyteri,
1000 1762 1049 1798 qui
1078 1762 1130 1790 rite
1157 1771 1273 1791 munere
1300 1772 1354 1792 suo
1385 1763 1479 1792 functi
1508 1770 1621 1797 essent,

112 1822 142 1843 c.
157 1824 175 1850 4
197 1814 273 1852 (eff.
295 1816 412 1845 dicenda
437 1817 471 1846 ad
491 1817 523 1847 h.
542 1816 593 1854 1.)
615 1817 687 1852 quin
712 1822 739 1844 et
762 1823 862 1843 omnes
882 1814 985 1843 sinceri
1004 1815 1073 1851 Jesu
1098 1814 1244 1850 cultores,
1265 1821 1296 1843 ut
1321 1821 1397 1851 patet
1416 1823 1449 1843 ex
1471 1815 1538 1843 loco
1571 1814 1623 1842 hac

111 1865 140 1894 in
167 1873 196 1893 re
222 1866 347 1896 classico
378 1867 445 1897 Col.
465 1867 530 1897 111:
549 1878 578 1906 4.
621 1867 713 1897 Conf.
735 1868 819 1896 etiam
850 1866 960 1904 1Joan.
982 1865 1041 1894 111:
1065 1876 1094 1894 2.
1140 1865 1291 1895 Caeterum
1322 1873 1395 1894 recte
1412 1866 1445 1894 ad
1470 1866 1498 1894 h.
1517 1866 1538 1894 l.
1560 1873 1623 1893 mo·

110 1915 174 1944 nuit
204 1915 359 1944 Henslerus
379 1920 423 1953 (7
434 1921 474 1955 J,
495 1919 571 1947 illam
594 1921 727 1950 κοινωνίαν
751 1920 827 1954 δόξης
849 1918 920 1955 Jesu
941 1916 1057 1947 Christi
1085 1924 1144 1945 non
1165 1916 1286 1953 intelligi
1309 1917 1410 1945 debere
1434 1916 1469 1944 de
1500 1915 1621 1944 felicita-

1574 1972 1620 2000 te,

141 2042 205 2078 (7)
228 2045 315 2079 Opere
331 2052 408 2079 supra
427 2045 495 2075 laud.
513 2054 571 2081 pag·
588 2049 648 2076 216.
911 2081 935 2111 B
954 2087 970 2117 3
