1946 2517
336 199 372 230 42
793 182 1359 218 ANN·0:T*A'T10.

497 290 516 307 „
536 271 632 307 pleat,
653 270 687 300 ab
704 278 737 299 eo
756 271 959 306 postulantur,
983 267 1226 304 occupationum,
1243 264 1425 295 et‘NaturaIi
1440 265 1572 296 Historia
1591 267 1801 304 quodammodo

498 342 519 359 ‚,
539 322 726 359 exponenda,
754 322 787 350 de
810 321 910 350 multis
931 320 1148 354 multorumque
1170 317 1275 347 studiis
1300 317 1368 346 bene
1385 318 1482 346 mereri
1503 319 1610 354 cupiat.
1630 320 1710 348 ,Iino
1735 328 1803 349 vero

502 393 522 409 ,‚
540 381 603 402 eum
632 372 840 409 approbatione
856 378 949 400 vestra
969 371 1087 408 dignum
1103 370 1164 398 Vos
1181 369 1367 405 judicabitis,
1391 368 1612 405 Viri‘praeclari
1628 376 1655 399 et
1671 372 1801 406 generosi

495 444 514 460 ‚‚
528 424 676 461 Juvenes,
697 423 747 458 qui
770 423 937 452 ventitando
963 423 992 451 in
1015 428 1218 451 BRUGMANSH
1236 420 1350 449 scholas
1369 420 1515 449 ostendere
1537 428 1596 450 non
1625 420 1724 450 fuistis
1744 430 1806 458 gra-

496 494 515 511 „
535 475 611 509 vati,
639 482 698 509 quo
723 473 826 503 essetis
847 480 875 502 et
901 474 932 502 in
956 472 1056 502 Virum
1078 472 1219 508 optimum
1245 478 1273 500 et
1300 471 1328 500 in
1353 471 1554 506 disciplinam,
1583 479 1667 506 quam
1688 472 1804 508 profite-

493 545 511 560 „
531 525 634 559 batur,
656 524 772 561 anim03
801 525 874 554 inter
898 532 973 560 quos
994 523 1130 560 Collegas
1151 523 1224 558 Cl.‚
1254 523 1285 551 in
1312 522 1357 550 his
1385 521 1575 558 Theologos,
1604 530 1716 552 summa
1737 531 1805 552 cum

491 596 510 612 „
530 574 616 604 animi
639 576 807 611 voluptate,
837 575 996 612 conspexi,
1026 580 1053 603 et
1080 574 1268 610 TheologoS,
1293 581 1388 602 amore
1417 572 1563 609 religionis
1582 579 1609 601 et
1633 574 1799 609 literarum,

494 647 514 664 „
534 626 682 662 prudentia
702 626 769 654 item
788 632 815 655 et
831 626 909 655 omni
930 627 1068 655 vii-tutum
1092 632 1192 662 genere
1217 625 1406 660 conspicuos.
1446 622 1509 652 Vos
1534 623 1624 659 inihi,
1652 623 1681 652 in
1703 623 1807 660 optimi

494 698 512 713 „
532 685 746 707 REiNWARDTr
767 677 862 705 verbis
882 676 1042 711 desinenti,
1072 683 1219 705 assensum
1245 683 1305 704 non
1329 674 1515 711 denegabitis.
1558 695 1576 712 ,‚
1599 675 1662 704 Hoc
1690 674 1804 711 dico,''

491 749 512 764 „
533 728 648 764 inquit,
672 749 690 764 „
711 734 738 756 et
757 727 814 756 hoc
836 727 1017 756 verissimum
1035 733 1097 756 est:
1117 725 1286 760 quicunque
1308 731 1424 754 naturae
1448 726 1682 761 contemplandae
1699 726 1808 755 deside·

491 799 510 815 „
533 799 551 814 ,‚
573 779 636 814 rio,
667 779 739 807 idem
762 785 790 807 et
817 786 884 807 vero
910 777 966 806 Dei
986 777 1068 806 cultu
1094 783 1122 805 et
1147 775 1333 805 admiratione
1356 776 1475 812 rapitur.
1503 776 1600 813 >Quid
1620 777 1693 805 enim
1715 777 1805 814 tnagis

492 849 510 865 „
533 849 551 866 „
571 830 817 860 consentaneum?
859 829 969 865 Ecquis
991 828 1066 857 enim
1091 833 1213 856 statuam
1240 826 1358 855 miretur
1379 827 1501 862 potius,
1535 835 1620 862 quam
1642 827 1808 857 Praxitelem

491 901 509 917 ‚‚
533 901 551 917 ‚,
572 881 739 910 auctorem?
781 880 846 909 Hoc
862 880 1036 916 stupendum
1053 887 1150 915 opus,
1171 878 1227 906 hoc
1245 877 1402 914 perfectum
1426 877 1629 913 Universume,
1644 883 1815 915 auctorem,

488 951 508 968 ‚‚
531 951 549 967 ,‚
569 932 779 968 architectum,
809 931 1015 960 moderatorem
1039 938 1098 959 non
1121 929 1249 958 habeat?
1285 927 1438 958 Undenam
1464 928 1528 957 illae
1553 928 1739 965 voluptates,
1762 929 1806 958 illi

490 1002 509 1018 „
533 1002 551 1018 ,‚
571 983 691 1012 adflatus
705 1004 716 1019 ,
738 982 847 1019 quibus
866 982 978 1011 animus
1001 982 1033 1009 in
1055 987 1173 1009 naturae
1201 979 1445 1014 contemplatione
1461 979 1605 1015 erigitur?
1627 980 1721 1015 unde,
1744 979 1802 1009 nisi

488 1054 507 1069 „
530 1053 548 1069 ,,
571 1041 586 1062 e
612 1040 758 1069 praesente
783 1033 935 1062 Numine?
975 1031 1049 1060 Vere
1074 1031 1163 1067 igitur
1184 1031 1302 1060 Cicero:
1332 1030 1393 1058 Nee
1417 1029 1507 1066 pietas
1532 1030 1667 1058 adversus
1691 1030 1805 1066 Deum,

492 1103 512 1120 ,‚
535 1105 553 1120 ‚‚
573 1092 625 1113 nec
642 1091 749 1120 quanta
763 1084 831 1112 huic
856 1083 943 1119 gratia
961 1083 1118 1116 debeatur,
1139 1081 1202 1110 sine
1220 1081 1413 1116 explicatione
1429 1083 1545 1109 naturae
1562 1081 1683 1117 intelligi
1698 1086 1805 1117 potest.

488 1153 509 1171 m
532 1154 550 1171 ,‚
571 1135 671 1164 Homo
688 1134 762 1163 enim
781 1140 863 1163 ortus
887 1139 932 1162 est
951 1133 986 1161 ad
1007 1132 1259 1166 contemplandum
1285 1131 1397 1166 Deum,
1418 1137 1447 1159 et
1468 1137 1583 1159 naturae
1599 1131 1807 1167 contemplatio

489 1206 509 1221 „
532 1207 551 1223 ,‚
571 1192 614 1215 est
633 1186 668 1214 ad
682 1185 737 1214 Dei
754 1184 970 1215 admirationem
993 1183 1123 1220 proxima
1141 1189 1169 1212 et
1193 1181 1372 1218 apertissima
1395 1181 1454 1211 via.
1493 1181 1557 1210 Tot
1576 1189 1694 1217 quoque
1715 1188 1815 1211 testor

492 1257 512 1273 „
534 1237 750 1274 „immortales
774 1236 885 1272 Viros,
919 1242 948 1264 et
977 1240 1093 1264 natutae
1125 1231 1379 1268 interpretatione,
1409 1237 1444 1260 et,
1469 1231 1523 1260 Dei
1555 1232 1640 1261 cultu
1667 1232 1806 1263 celebres.

493 1309 512 1324 „
536 1309 554 1324 „
575 1288 682 1317 Testor
705 1294 915 1323 misianum,
931 1286 984 1323 qui
1004 1293 1062 1314 non
1086 1291 1209 1320 temere,
1241 1283 1291 1312 sed
1312 1283 1347 1311 ab
1368 1282 1431 1319 ipsa
1448 1289 1548 1311 natura
1576 1281 1713 1319 inspirata
1737 1283 1806 1312 haee

491 1359 510 1375 „
532 1360 552 1376 „
571 1340 657 1370 verba
671 1339 830 1369 Auditorio
847 1348 902 1368 suo
918 1337 1128 1372 adscripscrat:
1150 1335 1271 1364 Innocua*
1290 1336 1401 1370 vivite,
1423 1334 1543 1363 Numen
1561 1333 1665 1362 adest!
1676 1332 1724 1346 '”’

372 1391 447 1420 Ibid.
486 1391 551 1428 ,ρμί
575 1406 614 1414 -
638 1399 794 1421 nnanssto
822 1389 953 1428 suffectus
983 1396 1045 1425 est,
1076 1397 1196 1418 Boowio
1222 1395 1380 1418 Mescfflo.
1429 1385 1613 1422 [impiissimi
1640 1385 1809 1416 Academiae

488 1443 645 1472 Curatores
672 1443 806 1473 Senatum
835 1433 887 1471 hac
914 1443 948 1471 de
979 1450 1008 1472 re
1032 1441 1182 1471 certiorem
1204 1439 1333 1468 fecerunt
1360 1437 1434 1467 datis
1459 1438 1493 1466 ad
1527 1437 1622 1474 ipsum
1647 1437 1736 1467 literis
1759 1438 1804 1467 die

485 1502 496 1522 1
514 1494 641 1530 Augusti
662 1502 689 1524 a.
713 1495 800 1525 1821.

377 1544 451 1576 lbid.
491 1544 655 1576 Divinitas.
695 1545 739 1574 De
755 1544 895 1574 industria
911 1544 967 1573 hoc
988 1542 1078 1572 verbo
1093 1542 1211 1578 utebar,
1232 1540 1368 1578 quoniam
1380 1539 1454 1568 nihii
1469 1538 1597 1576 amplius
1620 1539 1654 1569 ab
1678 1540 1807 1569 humana

490 1596 552 1625 sive
570 1602 628 1624 arte
644 1595 706 1624 sive
722 1603 789 1624 cura
807 1595 965 1631 exspectari
981 1603 1070 1630 posse
1087 1593 1243 1622 videbatur.
1283 1591 1388 1627 Neque
1403 1591 1455 1620 diu
1467 1599 1580 1628 aegrum
1600 1600 1677 1620 mors
1698 1599 1806 1621 morata

495 1653 557 1676 este
577 1653 641 1675 nam
661 1645 760 1682 paucis
774 1652 930 1681 postquam
948 1645 1016 1672 haec
1030 1650 1098 1672 vota
1115 1652 1167 1679 pro
1182 1644 1244 1680 ejus
1258 1643 1350 1671 salute
1362 1641 1503 1677 feceram,
1523 1642 1625 1670 diebus
1644 1642 1750 1677 elapsis
1769 1650 1804 1670 eo

491 1696 581 1732 abiit,
602 1697 677 1726 unde
691 1703 796 1733 negant
818 1696 907 1725 redire
925 1703 1098 1732 quemquam
1111 1715 1122 1730 ,
1142 1700 1282 1730 tantoque
1298 1692 1427 1722 acerbius
1451 1692 1528 1728 apud
1549 1698 1604 1720 nos
1625 1691 1669 1719 sui
1690 1691 1806 1727 reliquit

489 1748 684 1784 desiderium,
713 1755 824 1783 quanto
851 1749 932 1784 plura
955 1748 1048 1776 adhuc
1074 1754 1102 1776 et
1127 1746 1311 1783 praeclariora
1337 1745 1371 1773 de
1393 1751 1427 1772 eo
1449 1749 1559 1777 sperare
1586 1742 1750 1779 jubebant,
1772 1749 1805 1771 ut

495 1799 619 1828 eruditio
641 1799 758 1829 minime
784 1799 910 1836 vulgaris
930 1807 963 1828 ac
987 1798 1125 1835 singulari
1142 1804 1239 1827 ornata
1258 1795 1418 1831 modestia,
1441 1794 1479 1822 ita
1499 1800 1527 1822 et
1553 1800 1650 1829 πεῖθε,
1672 1802 1743 1830 quae
1758 1795 1806 1823 vix

495 1849 628 1885 quintum
653 1851 698 1878 vel
722 1856 835 1880 sextum
857 1850 980 1878 lustrum
1000 1849 1152 1877 clauserat.

339 1897 409 1936 pag.
422 1900 466 1929 18.
487 1901 556 1929 Non
573 1903 667 1929 minus
687 1902 874 1938 fructuosam
892 1901 1103 1930 institutionem
1119 1906 1176 1929 etc.
1217 1898 1286 1936 Quo
1306 1898 1372 1934 ipso
1389 1898 1470 1934 plane
1490 1905 1567 1926 nunc
1584 1904 1610 1925 et
1627 1897 1710 1933 plene
1723 1896 1807 1926 satis-

491 1951 523 1979 fit
540 1951 651 1980 conditi
667 1952 754 1989 liujus
772 1951 892 1987 Musei,
913 1951 1140 1987 Academiaeque
1162 1957 1276 1980 nostrae
1291 1949 1439 1986 adjuncti,
1459 1949 1596 1978 consilio.
1642 1949 1714 1976 Nam
1733 1956 1806 1977 non-

489 2002 556 2032 dum
574 2010 617 2031 me
633 2010 730 2032 eorum
748 2003 895 2040 poenitet,
925 2011 997 2039 quae
1019 2003 1178 2039 Lectione,
1198 2002 1286 2040 paulo
1309 2008 1374 2030 ante
1389 2006 1609 2030 commemorata
1621 2019 1632 2036 ,
1655 1999 1706 2029 hac
1724 2000 1758 2028 de
1774 2007 1805 2028 re

1740 2050 1809 2081 dixi.
