1946 2517
682 159 1146 199 OR'A‘TIO.*
1564 179 1607 216 ις

141 249 238 281 nimis
256 249 444 283 immodeste
459 250 549 284 abuti
564 250 679 287 videar.
724 255 857 298 Insuper
871 265 923 287 me
938 257 1040 289 vereri
1060 256 1178 297 fateor,
1201 268 1264 299 ne,
1285 260 1312 291 si
1330 259 1477 303 pluribus
1495 249 1599 295 dicam

134 305 178 337 de
202 307 315 347 rebus,
347 318 429 351 quae
462 310 570 340 minus
602 315 685 340 arcte
709 319 784 340 cum
811 311 871 350 iis,
906 323 986 355 quas
1024 313 1193 357 profiteor,
1224 315 1380 348 doctrinis
1412 320 1601 360 conjunctae

133 369 230 402 sunt,
251 363 332 395 mihi
359 363 444 395 idem
469 364 605 405 accidat,
641 365 730 408 quod
754 366 832 399 olim
856 378 1099 404 rnomrtotu
1126 370 1338 415 philosopho,
1365 384 1472 406 coram
1502 384 1599 408 ntu-

133 421 290 450 :MB‘ALE
315 418 356 450 de
386 420 516 452 militari
538 427 604 453 arte
625 421 764 460 dicenti,
788 423 936 456 accidisse
957 429 1155 468 accepimus,
1178 439 1244 471 quo
1266 429 1397 472 quidem
1419 430 1597 473 praeclarus

131 473 446 517 Carthaginiensium
468 476 553 517 dux,
577 477 696 509 multos
720 478 792 510 licet
811 479 937 522 ineptos
955 480 1138 514 offendisset
1164 484 1331 525 homines,
1354 486 1543 529 ineptiorem
1561 498 1596 519 se

131 538 275 571 unquam
300 530 459 563 audivisse
481 533 626 576 negabat.
672 535 874 567 Paucissimis
906 537 1004 579 igitur
1025 537 1078 570 hic
1095 538 1318 582 defungamur.
1361 543 1472 585 Neque
1488 543 1599 575 multis

129 595 216 627 opus
239 596 307 618 esse
327 586 464 621 videtur.
507 589 594 629 Quid
619 590 707 621 euim
727 591 870 622 Medicus
889 591 939 623 vel
959 600 1023 633 est,
1046 594 1097 626 vel
1118 603 1201 628 certe
1226 596 1319 628 debet
1342 608 1426 637 esse,
1451 600 1513 631 nisi
1529 600 1594 631 Na-

129 646 219 673 turae
241 642 413 674 minister?
453 645 521 684 Qui
540 656 617 677 vero
641 648 710 688 ejus
734 648 878 679 minister
899 649 956 688 sit,
980 649 1030 681 vet
1051 661 1121 682 esse
1140 654 1262 694 possit,
1287 655 1349 685 nisi
1376 654 1487 686 sedulo
1510 666 1595 686 eam-

104 686 106 690 ⁷
126 695 204 727 dem
229 697 400 731 observet?
443 702 553 744 Itaque
580 702 677 745 hujus
700 703 829 735 initium
853 704 1038 747 disciplinae
1072 706 1256 740 ducendum
1280 720 1298 740 a
1321 721 1429 742 rerum
1452 711 1486 742 in
1511 710 1594 743 facto

131 753 309 794 positarum
333 755 619 790 animadversione.
666 759 868 798 Videndum,
899 761 978 803 quid
1001 762 1144 804 primum
1171 765 1205 795 in
1229 771 1312 796 statu
1329 776 1429 804 sano,
1459 766 1534 797 dein
1558 767 1593 798 in

125 807 294 848 abnormi,
318 809 427 842 locum
454 813 489 842 in
517 812 660 845 humano
690 825 824 858 corpore
852 815 976 849 habeat.
1022 819 1260 852 Attendendum
1287 821 1327 852 ad
1351 823 1515 853 variorum
1534 834 1593 854 cu-

123 864 243 907 jusque
273 866 378 897 morbi
403 867 579 900 stadiorum
606 869 790 904 decursum.
835 873 1059 906 Accedendum
1087 875 1128 906 ad
1155 878 1388 920 aegrotantium
1415 878 1530 920 lectos,
1560 885 1593 911 et

125 927 288 961 accurate,
315 923 394 965 quid
409 923 482 962 fiat,
504 924 752 960 observandum.
796 930 1044 971 Cognoscendae
1069 939 1145 963 sunt
1172 932 1344 965 herbarum
1366 933 1517 966 salutares
1540 936 1592 967 vi·

127 987 194 1016 res,
215 985 248 1009 et
271 979 354 1021 quid
382 979 603 1012 medicaminis
623 983 751 1014 tandem
779 995 817 1015 ex
845 984 1047 1018 diversorum
1065 988 1272 1032 pharmacum
1294 990 1420 1021 miscela
1440 991 1590 1033 prodeat,

124 1034 394 1076 perspiciendum.
439 1038 529 1076 Quae
544 1040 654 1070 omnia
672 1045 702 1070 et
725 1039 818 1082 plura
837 1052 902 1072 non
922 1043 1140 1076 ratiocinantis
1158 1046 1280 1089 ingenii
1301 1053 1394 1084 sunt,
1415 1047 1470 1078 sed
1493 1059 1590 1091 exp&

126 1088 279 1130 dentiae,
306 1090 559 1132 observationiS,
598 1096 778 1126 memoriae.
827 1097 1001 1130 Enimvero
1039 1099 1188 1132 historica
1219 1102 1277 1132 ista
1305 1108 1354 1133 tot
1386 1113 1493 1133 recum
1525 1105 1588 1134 uti·

130 1143 324 1177 lissimamm
350 1148 493 1190 cognitio
518 1142 652 1180 minime
678 1151 753 1181 satis
774 1151 935 1194 proderit,
966 1154 1029 1185 nisi
1051 1161 1082 1185 et
1102 1155 1260 1197 judicium
1289 1158 1436 1189 criticum
1460 1165 1492 1190 et
1517 1159 1589 1202 phi·

124 1199 259 1243 Iosopha
284 1213 392 1233 rerum
418 1205 649 1248 contemplatio
667 1205 706 1236 ad
732 1207 909 1239 Medicinae
932 1210 1074 1242 studium
1097 1211 1256 1244 afferatur.
1300 1213 1473 1253 Quomodo
1498 1216 1586 1248 euim

123 1258 306 1300 ceteroqui,
330 1258 382 1292 vel
402 1269 516 1291 causae
552 1260 738 1292 morborum
762 1269 846 1294 recte
866 1264 1022 1308 intelligi,
1052 1266 1103 1299 vel
1126 1268 1347 1306 diversorum,
1373 1270 1430 1301 secl
1455 1270 1494 1302 ad
1513 1282 1583 1315 spe-

123 1312 206 1343 ciem
225 1312 319 1355 plane
341 1314 514 1354 similium,
538 1316 714 1360 eademque
736 1317 802 1349 fere
825 1327 1037 1363 symptomata
1059 1324 1283 1366 prodentium,
1318 1326 1507 1358 morborum
1537 1327 1585 1359 di-

124 1369 263 1400 scrimen
277 1372 422 1412 agnosci,
447 1371 498 1403 {rel
517 1372 659 1415 plurium
678 1384 844 1406 causarum
864 1377 1052 1410 simultanea
1069 1380 1199 1422 quidem
1211 1405 1220 1420 ‚
1243 1382 1299 1413 sed
1322 1382 1440 1421 modo,
1462 1384 1584 1427 gradu,

124 1425 238 1458 ceteris
261 1425 435 1459 admodum
464 1428 595 1471 dispar,
626 1429 765 1461 efficacia
793 1431 960 1474 dignosci3
995 1435 1074 1478 quid
1099 1436 1140 1467 ab
1166 1437 1243 1468 anni
1270 1445 1468 1481 tempestate,
1499 1441 1586 1482 aegri

121 1487 240 1521 aetate,
267 1484 410 1525 corporis
447 1486 694 1526 constitutione,
724 1488 855 1519 vivendi
884 1500 1017 1531 genere,
1053 1491 1186 1535 aliisque
1217 1493 1298 1525 bene
1324 1494 1452 1536 multis,
1487 1495 1583 1528 fausti

123 1538 164 1568 sit
187 1537 238 1569 vel
262 1537 391 1570 infausti
418 1542 685 1583 exspectandum,
707 1543 862 1586 intelligi3
890 1546 1021 1588 quando
1042 1548 1082 1579 ad
1108 1548 1274 1581 heroicum
1292 1550 1489 1591 remedium,
1511 1552 1584 1585 licet

122 1603 258 1636 anceps,
291 1593 543 1637 confugiendum
577 1600 640 1635 sit,
675 1605 710 1630 ut
729 1599 860 1642 rapidus
880 1601 1002 1641 morbi,
1034 1605 1068 1636 in
1095 1605 1186 1647 pejus
1212 1607 1276 1638 cito
1302 1609 1444 1646 ruentis,
1467 1620 1582 1641 cursus

96 1637 358 1692 'quantumpote
387 1652 516 1684 sistatur
545 1660 578 1684 et
613 1654 736 1686 medela
769 1659 866 1688 morti
900 1658 1031 1690 instanti
1064 1667 1263 1701 antevertat,
1291 1663 1427 1706 judicari
1458 1666 1584 1707 possit?

125 1704 221 1736 Mitto
240 1705 349 1749 plura;
378 1707 413 1738 in
435 1707 486 1740 his
510 1696 598 1742 illam
622 1711 723 1753 ipsius
751 1714 868 1744 mentis
895 1713 1074 1756 humanae,
1104 1728 1186 1759 quae
1207 1719 1404 1752 Medicorum
1428 1728 1492 1758 est,
1524 1733 1580 1753 cu·

127 1770 214 1800 ram3
235 1773 331 1805 quam
357 1767 411 1807 qui
431 1767 464 1797 in
487 1776 521 1798 ee
539 1766 580 1798 sit
601 1774 824 1810 suscepturuS‚
849 1769 924 1802 nae!
947 1772 974 1803 is
994 1784 1060 1804 nou
1083 1775 1255 1817 empiricus
1273 1776 1496 1807 tantummodo
1511 1779 1578 1808 Me-

120 1815 213 1850 dicus
234 1820 296 1858 sit,
330 1821 386 1852 sed
411 1829 444 1854 et
463 1823 644 1865 rationalis,
683 1835 809 1856 necesse
827 1832 884 1859 est.
930 1827 1013 1860 Talis
1039 1830 1188 1872 inquam,
1213 1831 1316 1874 qualis
1341 1832 1394 1863 ille
1413 1831 1492 1870 suit,
1523 1832 1579 1874 qui

120 1871 183 1904 hac
216 1874 283 1917 ipsa
306 1876 348 1908 de
384 1885 507 1911 tetam
537 1880 629 1912 docte
660 1888 692 1912 et
726 1881 887 1925 eleganter
917 1885 1013 1923 olim,
1042 1898 1081 1918 ex
1113 1888 1175 1919 hac
1202 1889 1268 1931 ipsa
1295 1887 1450 1920 Cathedra
1482 1888 1582 1926 dixit,

124 1943 320 1966 canutus.
365 1936 467 1976 Talis,
489 1939 640 1982 inquam,
663 1939 773 1981 quales
797 1941 843 1974 illi
867 1942 1022 1982 fuerunt,
1054 1946 1110 1986 qui
1135 1945 1251 1986 quovis
1272 1954 1350 1975 aevo
1368 1944 1584 1986 principatum

125 1989 161 2022 in
195 1991 353 2023 Medicina
387 1999 576 2033 tenuerunt,
616 1996 731 2029 Medici
762 2008 836 2030 vere
869 1998 1066 2043 philosophi.
1118 2001 1215 2040 Nam,
1249 2011 1345 2044 quem
1372 1998 1492 2042 fugiat,
1526 2005 1582 2029 aut

874 2055 901 2087 C
923 2065 941 2086 a
1495 2066 1536 2087 ΠΙ
1550 2065 1582 2086 Ρ·
