1946 2517
413 150 728 182 COMMENTATIO
750 160 784 181 m
804 151 1109 190 QUAESTIONEM
1139 150 1347 185 MEDICAM.
1594 166 1634 196 55

125 233 279 266 Lieutaud
290 233 319 263 in
336 233 471 263 cadavere
486 234 648 270 foeminae,
670 234 761 263 ictero
774 241 901 264 mortuae
913 245 934 272 ,·
945 236 1033 272 hepar
1046 237 1206 266 induratum
1219 257 1230 273 ,
1252 229 1451 274 compactum,
1471 240 1625 270 vesiculam

121 288 233 317 inanem
255 294 281 314 et
301 286 462 315 decolorem
486 287 564 323 (a).

162 338 193 367 Si
229 338 333 374 ligetur
360 337 407 366 vel
438 338 622 366 abscindatur
650 337 757 366 ductus
787 338 940 374 cysticus,
973 347 1084 375 semper
1111 340 1194 369 etiam
1223 348 1312 369 vacua
1340 341 1478 377 reperitur
1504 343 1628 372 vesicula

121 389 201 419 fellis
223 389 265 426 (b
278 419 284 424 ,
295 409 305 418 .

163 442 192 477 §.
218 448 265 468 11.
307 439 470 468 Voluerunt
486 445 578 468 autem
601 440 672 476 alii,
693 441 879 470 secretionem
902 441 1101 477 glandulosam
1129 450 1178 471 ant
1210 444 1375 472 arteriosatn
1392 444 1569 480 rejicientes,
1591 446 1635 472 la·

123 491 209 520 tieem
228 491 392 526 hepaticum
413 490 447 518 ab
467 491 567 526 hepate
584 498 746 527 secretum,
769 493 803 520 ad
822 492 976 520 vesiculam
996 492 1097 521 deferri
1123 502 1172 529 per
1193 495 1298 523 ductus
1324 497 1503 531 singulares,
1527 496 1577 531 qui
1596 504 1631 525 ex

122 541 224 577 hepate
246 541 382 576 oriundi,
405 541 439 568 ad
459 542 600 576 cystidem
621 544 786 578 tenderent,
808 550 835 571 et
855 543 884 571 in
906 544 1003 572 eodem
1027 545 1216 580 aperirentur.
1559 573 1562 575 .

163 594 193 630 §-
219 601 264 622 12.
307 593 347 621 Et
363 600 460 621 verum
479 593 598 622 omnino
617 601 662 623 est
679 596 822 632 ejusmodi
839 595 966 631 duetus,
985 596 1066 624 dicto
1089 598 1155 625 usui
1169 597 1378 633 inservientes,
1395 597 1423 626 in
1438 598 1533 628 bobus
1553 599 1632 628 aliis-

125 653 182 680 que
199 644 291 672 brutIs
307 650 336 671 et
354 643 486 678 piscibus
504 645 601 672 adesse
621 646 706 682 (c);
729 646 778 673 secl
806 654 903 674 verum
925 647 1029 682 pariter
1046 654 1090 676 est
1102 668 1113 683 ,
1134 649 1243 678 similes
1258 650 1363 678 ductus
1381 651 1628 687 hepato-cysticos

123 696 153 724 in
181 685 296 723 homine
319 703 385 723 raro
415 696 507 724 fuisse
534 696 675 725 detectos.
715 696 858 726 Nonnulli
883 705 978 727 tamen
999 699 1041 726 nti
1069 699 1234 736 Riolanus,
1261 698 1445 739 Morgagne‚
1470 702 1586 731 Het'ster
1605 710 1635 732 et

124 747 216 775 Senac
237 747 330 774 dictos
350 746 463 775 canales
488 746 518 775 in
545 747 660 775 homine
685 748 874 778 admiserunt.
914 749 1016 778 Postea
1040 758 1111 779 vero
1139 751 1292 780 Lieutaasd
1316 752 1422 788 aliique
1444 760 1632 790 statuerunt,

122 798 278 828 vesiculam
299 797 376 826 fellis
398 799 491 834 hepati
511 805 623 827 tantum
641 800 793 828 cellulosae
810 807 866 835 ope
889 800 1026 830 adnexam
1041 810 1122 837 esse,
1151 803 1316 838 nullamque
1344 805 1445 833 adesse
1469 805 1630 834 communi-

122 848 263 877 cationem
280 849 366 884 hepar
386 849 461 878 inter
478 856 504 878 et
524 850 679 879 vesiculam
693 870 703 886 ,
725 851 838 885 qualem
865 852 998 880 nonnulli
1023 853 1177 882 anatomici
1201 853 1360 889 finxerant,
1389 856 1456 883 dum
1478 857 1633 885 Lieutaud

123 899 182 928 hoc
209 899 392 928 manifestum
422 902 492 930 dicit
518 910 552 930 ex
583 901 658 930 facta
689 901 900 931 observatione.
940 901 1055 932 Invenit
1081 905 1191 932 scilicet
1215 905 1323 933 collum
1352 906 1493 935 vesiculae
1516 908 1635 936 obstru-

123 957 226 986 ctum,
246 951 376 979 canalem
401 951 543 987 cysticum
571 953 743 988 dilatatum,
771 952 830 980 bile
852 959 1032 990 turgentem,
1056 955 1212 985 vesiculam
1238 964 1304 985 vero
1325 957 1420 993 ipsam
1440 959 1550 988 inanem
1571 962 1634 989 col-

122 1003 231 1039 lapsam
252 1003 341 1040 (d).

163 1056 194 1091 §-
219 1063 264 1091 13.
302 1055 372 1083 Dari
389 1060 481 1085 tamen
500 1055 666 1091 interdum,
686 1056 819 1092 quamvis
839 1056 1001 1092 rarissime,
1024 1066 1091 1086 vasa
1116 1058 1204 1094 hepar
1222 1058 1296 1087 inter
1318 1065 1346 1087 et
1374 1061 1512 1096 cystidem
1536 1069 1635 1097 negare

124 1106 174 1136 vix
196 1107 352 1136 audemus:
382 1107 482 1136 scribit
508 1107 581 1136 enim
605 1108 685 1136 doct.
708 1107 745 1136 L.
767 1108 800 1136 T.
822 1107 954 1143 Locwel,
977 1108 1025 1143 qui
1045 1109 1123 1138 circa
1141 1111 1209 1138 haec
1227 1118 1293 1138 vasa
1313 1110 1404 1138 varlas
1427 1111 1546 1148 collegit
1564 1114 1632 1148 opi-

123 1157 245 1193 niones,
267 1157 315 1186 Cl.
336 1157 446 1194 Mayer
461 1167 573 1194 semper
592 1158 736 1187 auditores
753 1167 824 1188 suos
846 1159 1001 1196 docuisse,
1024 1161 1090 1189 illos
1115 1162 1226 1190 canales
1246 1161 1274 1189 in
1296 1162 1410 1191 homine
1434 1171 1491 1191 non
1511 1164 1629 1199 adesse,

122 1216 190 1238 cum
206 1210 302 1245 plures
318 1209 422 1239 fecerat
435 1210 651 1239 observationes
662 1231 673 1246 ,
693 1219 758 1239 cum
782 1210 839 1238 illis
851 1230 862 1246 ,
885 1220 900 1239 a
916 1211 1069 1240 Lieutaud
1081 1218 1108 1240 et
1123 1213 1157 1240 ab
1175 1212 1238 1241 aliis
1256 1213 1418 1242 memoratis
1430 1233 1440 1248 ,
1462 1215 1637 1244 convenien-

123 1266 188 1295 tes,
205 1260 294 1290 denec
308 1260 338 1289 in
356 1269 443 1291 suum
461 1263 603 1290 theatrum
625 1262 838 1297 anatomicam,
860 1264 955 1298 puella
973 1265 1133 1293 octodecim
1150 1266 1287 1294 annorum
1307 1265 1481 1302 deferretur,
1504 1268 1533 1296 in
1546 1270 1631 1305 qu'us

123 1313 278 1348 cadavere,
298 1313 483 1343 adstantibus
507 1314 712 1349 auditoribus,
742 1314 865 1350 aliisque
889 1315 1038 1350 testibus,
1068 1322 1138 1352 post
1162 1317 1376 1345 exactissimum
1402 1318 1569 1348 institutum
1585 1329 1634 1350 ex-

122 1371 225 1398 amen,
247 1372 296 1392 vas
322 1363 514 1399 reperiebatur
542 1363 710 1399 binarum,
730 1365 858 1400 flavum,
881 1367 979 1395 multis
1007 1367 1141 1397 radiculis
1157 1376 1191 1396 ex
1208 1367 1276 1404 ipso
1294 1369 1393 1404 hepate
1413 1378 1529 1406 natum,
1552 1380 1630 1400 cras-

123 1414 191 1443 sitie
211 1416 338 1443 trunculi
359 1423 478 1450 pennam
504 1416 650 1444 corvinam
677 1416 791 1445 circiter
816 1425 961 1452 aequans,
991 1419 1105 1446 tunicas
1129 1419 1197 1447 colli
1217 1419 1381 1454 vesiculae,
1403 1421 1436 1448 ad
1460 1422 1538 1449 latus
1561 1422 1634 1450 sini-

123 1471 239 1500 strum,
268 1464 386 1501 oblique
408 1466 454 1494 vel
475 1466 563 1494 simili
587 1467 696 1495 ratione
719 1475 751 1496 ac
780 1475 902 1497 ureteres
926 1469 957 1497 in
981 1470 1104 1498 vesicam
1138 1470 1291 1499 urinariam
1318 1471 1501 1507 inseruntur,
1532 1473 1631 1508 perfo-

122 1525 188 1546 rans
210 1517 224 1553 (
239 1519 289 1554 e).

161 1569 190 1604 S.
213 1576 259 1605 14.
299 1568 351 1598 llla
365 1568 530 1599 observatio
549 1569 670 1605 insuper
688 1569 791 1605 probat
809 1577 884 1599 recte
908 1572 1058 1601 monuisse
1082 1574 1236 1609 plerosque
1254 1574 1322 1602 illos
1340 1574 1555 1610 observatores,
1578 1575 1631 1611 qui

125 1620 155 1648 in
173 1628 209 1648 eo
222 1621 419 1655 conveniunt,
438 1620 517 1655 quod
534 1620 562 1649 in
581 1621 658 1649 collo
669 1621 811 1650 vesiculae
829 1622 926 1650 felleae
944 1623 971 1651 hi
991 1623 1095 1651 ductus
1118 1626 1280 1658 aperiantur
1300 1626 1437 1660 quodque
1450 1635 1514 1654 cum
1536 1628 1633 1655 ducti-

125 1671 182 1699 bus
210 1670 333 1699 biliseris
360 1672 388 1699 in
415 1672 515 1707 hepate
539 1672 776 1709 communicent,
804 1681 898 1710 neque
920 1675 1078 1711 negandum
1104 1683 1167 1704 esse
1188 1675 1271 1704 bilem
1296 1676 1451 1713 aliquando
1473 1686 1523 1714 per
1548 1680 1636 1707 talem.

124 1721 243 1749 ductum
264 1722 299 1750 ad
318 1722 475 1751 vesiculam
495 1722 609 1752 advehi.

1553 1781 1634 1810 Prae-

152 1861 204 1888 (ιζ
228 1861 265 1884 Cf.
283 1860 411 1889 Lunum),
424 1863 475 1885 obs.
490 1863 540 1886 810·
736 1863 788 1891 (b)
804 1865 838 1886 Cf
857 1864 950 1892 llam-r,
967 1865 1031 1888 libr,
1051 1867 1096 1889 εἰς,
1112 1868 1139 1890 Τ.
1154 1867 1176 1890 6.
1192 1870 1212 1890 s,
1229 1873 1249 1895 3.
1265 1868 1283 1896 §.
1298 1869 1334 1891 re.

153 1903 204 1929 (ε)
225 1902 260 1924 cf.
281 1902 379 1930 cnve'er,
395 1904 439 1925 An.
459 1905 528 1931 Comp.
545 1905 571 1926 Τ.
586 1905 616 1926 lv
640 1913 661 1932 p.
676 1911 712 1932 33.
741 1907 778 1928 (s.
795 1907 893 1933 Halter,
909 1906 967 1926 Lihr
994 1908 1031 1927 'ie
1056 1916 1069 1936 p
1094 1915 1141 1934 5⁴2.

152 1941 208 1970 (d)
231 1945 268 1965 Cf.
286 1943 412 1969 Licrtaud,
430 1944 494 1968 Libr.
511 1947 547 1966 (rr
571 1947 610 1967 loe,
630 1947 670 1968 cfr.
701 1948 735 1969 cs
756 1948 849 1975 ponat,
866 1948 919 1968 ltin
943 1948 968 1969 dc
984 1949 1074 1974 sanat,
1091 1954 1113 1970 ce
1128 1949 1153 1969 da
1169 1950 1234 1972 Chir.
1249 1951 1278 1973 Τ.
1291 1956 1313 1977 5.
1325 1957 1350 1979 p.
1362 1949 1413 1978 265.

154 1984 205 2011 (e,
229 1985 265 2008 es.
280 1983 380 2014 Loewel,
401 1986 463 2010 hin,
478 1986 503 2007 de
521 1987 582 2011 duce.
598 1989 724 2016 hoff-Cyn,
739 1996 761 2017 p.
777 1996 800 2011 ιι
811 1994 881 2015 -25,
