1946 2517
374 187 409 218 34
714 167 1543 212 EuossnitoAV1ns

418 261 488 290 Non
506 258 642 289 minorem
662 257 752 287 Lucis
770 256 919 285 efficaciam
938 254 1124 284 observamus
1139 252 1169 282 in
1188 250 1393 290 vegetationem
1405 274 1415 288 ,
1436 252 1480 281 uti
1498 260 1531 282 ex
1552 250 1743 289 sequentibus
1760 247 1879 287 patebit.

420 313 513 342 Omne
534 311 612 347 quod
629 310 724 344 vivit,
749 307 815 344 (uti
845 307 875 336 in
902 306 1115 336 introductione
1133 303 1303 342 vidimus‚)
1332 312 1416 333 ornne
1443 312 1552 340 corpus
1581 302 1744 340 organicum
1771 299 1885 337 praeii-

383 370 443 393 tum
470 370 512 392 est
537 362 694 396 facultate,
717 368 772 395 qua
798 359 871 388 valet
896 359 1032 387 stimulos
1062 356 1204 393 percipere
1220 362 1306 391 atque
1333 353 1362 384 in
1389 363 1438 383 eos
1464 362 1584 391 reagere.
1624 354 1756 390 Regnum
1775 359 1886 388 vegeta-

349 409 354 414 ’
385 414 442 443 bile
463 414 558 448 itaque
578 412 660 440 etiam
678 419 692 439 a
710 411 823 438 Natura
845 409 954 444 accepit
976 407 1138 436 facultatem
1159 412 1192 434 ut
1212 407 1325 442 plantae
1344 415 1359 434 a
1375 405 1507 441 plurimis
1529 404 1737 440 irritamentis,
1755 403 1885 436 innume-

381 465 421 494 ris
447 464 563 500 modis,
606 463 813 498 stimulentur,
843 460 1008 495 irritentur,
1042 459 1072 487 in
1097 464 1215 494 accepta
1235 455 1408 485 irritamenta
1433 456 1581 484 efficaciter
1607 462 1742 493 reagant,
1771 454 1887 489 vimque

380 516 408 544 vi
429 521 592 551 opponant.

418 564 534 596 Hancce
549 565 733 600 facultatem,
755 563 978 594 lrritabilitatem
999 561 1130 596 scilicet,
1152 558 1257 596 plantis
1277 557 1393 594 inesse,
1415 557 1525 596 egregie
1542 557 1705 594 probarunt
1720 557 1786 587 Cel.
1809 556 1885 591 viri,

380 617 564 656 Bragmans,
586 618 652 646 Van
668 616 814 650 Marum,
837 614 993 643 Humholdt
1011 620 1068 641 etc.
1090 619 1175 647 atque
1199 618 1232 639 ex
1258 609 1312 638 hac
1338 609 1465 644 virtute,
1489 608 1659 638 nutritionis
1684 607 1886 647 vegetabilium

383 676 575 705 processum,
596 667 792 701 rationemque
811 665 1009 701 singularum,
1037 661 1142 690 rectius
1163 661 1307 689 illustrare
1327 660 1514 688 studuerunt.

422 723 466 749 Ita
485 719 549 748 Cel.
573 727 601 748 ν.
623 717 748 746 Marum
770 716 862 753 (a),
885 721 993 744 motum
1019 713 1171 742 fluidorum
1194 712 1222 740 in
1247 712 1407 747 plantarum
1428 711 1507 740 vasis
1528 718 1587 740 non
1604 718 1620 739 a
1638 710 1754 739 viribus
1775 709 1889 739 mecha-

380 771 454 800 nicis
472 769 631 798 atti-activis
649 777 700 798 nec
726 767 760 795 ab
781 766 851 795 aeris
872 765 1067 794 attenuatione
1085 771 1141 799 ope
1156 763 1297 791 radiorum
1312 762 1403 798 solis,
1424 762 1474 790 sed
1494 770 1508 789 a
1528 761 1646 797 propria
1666 759 1889 789 contractilitate

380 820 540 856 instabili,
570 820 708 856 pendere,
737 817 935 853 experImentis
961 815 1190 849 demonstravit,
1218 814 1248 842 in
1275 813 1380 849 quibus
1402 812 1650 850 Bragmansium,
1679 811 1803 846 Coulm,
1825 810 1890 849 (b)

385 879 411 899 et
431 870 681 898 Habenstreitium‘
699 867 913 896 consentientes
939 866 1051 894 habuit.
1094 864 1202 893 Omnes
1223 871 1317 892 autem
1341 865 1501 900 plantarum
1527 862 1693 892 functiones
1724 863 1824 893 vitales
1854 861 1890 891 ab

389 922 442 950 hac
463 919 658 949 Irritabilitate
677 919 822 954 pendent,
842 918 880 945 ita
901 923 954 951 ut,
975 924 1006 944 ea
1027 916 1170 944 destructa
1183 935 1193 950 ,
1214 915 1272 944 vita
1293 915 1405 950 plantae
1425 915 1632 951 exstinguatur.

417 972 469 1001 Nil
487 979 563 1000 nunc
592 970 690 1007 majori
715 969 840 998 efficacia
868 968 897 996 in
924 969 1083 1004 plantarum
1107 974 1211 1003 organa
1236 973 1315 1001 agere
1339 965 1472 1000 videtur,
1500 966 1563 994 sive
1585 966 1706 1001 potius,
1735 964 1807 994 nihil
1832 971 1890 994 tam

384 1023 493 1051 efficace
513 1028 616 1057 organa
637 1021 671 1048 ad
691 1019 859 1048 functiones
879 1027 945 1047 suas
964 1019 1131 1047 exercendas
1152 1018 1275 1051 excitat,
1309 1024 1394 1051 quam
1419 1016 1498 1044 Lux.

423 1072 576 1101 Permultis
599 1070 852 1098 observationibus
873 1068 1134 1104 experimentisque
1164 1067 1239 1095 enim
1268 1067 1421 1101 constitit,
1442 1075 1547 1101 quanta
1566 1065 1595 1096 vi
1617 1074 1716 1096 omnes
1737 1072 1832 1102 partes
1848 1065 1893 1094 vi·

385 1130 478 1153 rentes
495 1120 696 1159 vegetabilium
713 1126 878 1148 contactum
892 1140 902 1155 ‚
923 1127 972 1147 seu
999 1119 1138 1147 influxum
1162 1117 1273 1152 Lucis,
1295 1123 1451 1152 quaerant,
1474 1124 1529 1145 tam
1550 1117 1680 1152 Solaris,
1703 1124 1786 1153 quam
1806 1116 1893 1145 Lam—

386 1175 490 1211 padum
514 1173 602 1210 (c);
627 1171 654 1200 in
672 1171 808 1199 cubiculo
829 1176 921 1198 autem
946 1169 1104 1197 collocatas
1126 1169 1240 1205 plantas
1266 1168 1419 1203 videmus,
1441 1167 1510 1197 folia
1529 1169 1632 1206 pagina
1660 1167 1808 1204 superiore
1829 1166 1894 1195 dili-

390 1232 487 1262 genter
512 1231 539 1252 et
567 1224 696 1252 studiose
715 1230 816 1250 versus
836 1221 986 1249 fenestram
1007 1226 1134 1255 vertere,
1156 1220 1249 1248 lucem
1272 1220 1521 1248 transmittentem.

430 1274 570 1312 Quotidie
586 1273 794 1306 observamus,
815 1272 929 1307 plantas
948 1271 1003 1299 sub
1025 1270 1121 1299 densis
1134 1270 1229 1299 dumis
1246 1270 1434 1305 sentibusque
1452 1270 1582 1299 occultas
1600 1269 1768 1298 mirabiliter
1785 1268 1893 1304 exitum

394 1325 451 1355 sibi
471 1332 567 1360 parare
585 1329 670 1358 atque
687 1323 810 1358 spatiola
827 1329 978 1356 quaerere,
999 1327 1029 1348 ut
1046 1321 1086 1348 ita
1103 1320 1131 1348 in
1146 1328 1311 1349 contactum
1327 1329 1390 1348 cum
1406 1320 1486 1348 Luce
1505 1321 1645 1350 venirent.
1687 1319 1895 1349 Manifestissi·

392 1386 438 1407 me
462 1375 587 1406 influxus
604 1374 695 1403 Lucis
715 1374 743 1402 in
764 1381 880 1409 regnum
906 1371 1062 1408 vegetabile
1088 1371 1174 1399 nobis
1198 1377 1314 1406 apparet
1337 1379 1371 1400 ex
1397 1380 1501 1400 somno
1532 1377 1560 1399 et
1583 1370 1694 1407 vigiliis
1719 1371 1891 1406 plantarum.

393 1429 467 1457 Sunt
487 1428 601 1464 plantae
620 1424 689 1462 (d)
709 1432 829 1460 quarum
850 1422 940 1457 folia,
962 1422 1112 1452 occidente
1128 1424 1190 1452 sole
1209 1425 1297 1452 situm
1318 1430 1453 1460 mutent,
1474 1424 1663 1459 demi-deant,
1684 1431 1714 1451 se
1732 1423 1894 1460 inclinent,

392 1487 420 1509 et
445 1487 475 1508 se
492 1478 642 1515 imponant
659 1477 777 1506 floribus
797 1474 1024 1511 fructibusque,
1052 1482 1137 1504 nocte
1158 1484 1224 1504 vero
1245 1475 1360 1504 finiente
1382 1483 1411 1504 et
1429 1475 1490 1504 sole
1514 1474 1641 1509 oriente,
1663 1473 1816 1510 pristinum
1837 1481 1896 1502 sta-

392 1537 453 1559 tum
472 1534 658 1564 recuperant,
679 1534 706 1555 et
725 1535 754 1555 se
770 1527 868 1555 amicis
886 1527 956 1555 solis
975 1527 1059 1554 radiis
1081 1532 1247 1563 opponunt.
1288 1526 1411 1555 Videtur
1428 1526 1474 1553 liic
1496 1533 1616 1554 somnus
1642 1524 1681 1555 ita
1706 1525 1893 1562 explicanlus

394 1590 429 1611 ex
448 1580 574 1609 absentia
591 1579 702 1614 Lucis;
726 1585 872 1614 praesente
890 1579 963 1606 enim
989 1579 1058 1612 illa,
1079 1587 1146 1607 vasa
1163 1578 1227 1606 folii
1249 1584 1276 1605 et
1294 1577 1394 1613 petioli
1416 1576 1616 1611 stimulantur,
1647 1583 1734 1604 tonus
1751 1583 1896 1605 sustenta·

398 1641 446 1663 tur
468 1638 494 1660 et
521 1636 661 1667 augetur;
686 1630 802 1658 absente
822 1636 910 1664 vero,
940 1628 1079 1657 stImulus
1105 1635 1216 1665 cessat,
1237 1635 1266 1657 et
1289 1628 1328 1657 ita
1354 1636 1405 1664 per
1429 1627 1572 1664 quoddam
1598 1633 1713 1662 tempus
1737 1626 1844 1655 reactio
1863 1627 1895 1656 in

1814 1677 1898 1713 plan-

421 1763 474 1793 (α)
496 1762 529 1783 De
545 1761 609 1781 Μοηι
622 1761 741 1787 fluidorum
757 1760 781 1779 ίη
794 1760 887 1787 p'anm,

422 1806 475 1833 (h)
498 1805 530 1824 De
547 1804 639 1823 Mutata
656 1803 764 1823 Immotum
781 1802 805 1821 in
819 1808 884 1828 regno
901 1803 1004 1827 organico
1022 1803 1111 1830 indole,
1134 1805 1197 1831 1789.

421 1847 471 1872 (c)
491 1845 623 1870 Humanis,
638 1843 653 1865 Ι,
668 1849 685 1865 c.
702 1851 722 1869 p.
739 1849 788 1866 no.
816 1843 948 1863 Drcandolle
965 1844 987 1865 in
1004 1845 1103 1864 Giluem
1119 1844 1236 1869 Annalem,
1253 1845 1318 1867 Fare.
1329 1843 1388 1866 xw.
1405 1849 1427 1871 p.
1442 1847 1463 1869 3.
1482 1843 1522 1864 Δο.
1539 1842 1601 1869 1803.
1627 1841 1649 1863 1:
1663 1840 1726 1864 varia
1739 1840 1836 1864 institnit
1854 1847 1894 1863 ex-

396 1887 520 1915 perimenta
539 1892 588 1907 cum
609 1884 703 1906 diversis
726 1883 809 1910 plantis
830 1884 852 1905 in
874 1890 942 1906 caven
963 1885 1035 1911 probe
1058 1887 1148 1911 claun,
1171 1891 1194 1906 et
1213 1887 1329 1907 multarum
1355 1886 1479 1910 lampadum
1507 1884 1558 1904 luce
1577 1882 1700 1909 largissime
1720 1882 1846 1909 illustrate,
1868 1887 1893 1904 nt

398 1930 486 1950 vtderct
501 1933 528 1948 an
546 1926 594 1946 Lux
612 1931 694 1947 tantum
714 1926 768 1948 solis
783 1925 948 1952 vegetationem
967 1927 1089 1953 plantarum
1106 1929 1210 1952 adjuvet,
1232 1932 1255 1948 et
1275 1931 1383 1953 quatenus
1395 1926 1449 1946 haee
1461 1925 1519 1945 luce
1534 1924 1672 1951 Lampndum
1685 1924 1786 1952 suppleri
1797 1927 1873 1951 posui
1883 1937 1894 1952 ,

398 1967 528 1994 Ιι-ινιηὶιηιιι·
547 1967 615 1988 varin<
634 1968 716 1991 plantas
732 1967 788 1988 lacte
806 1971 828 1987 et
843 1966 911 1989 solito
926 1967 1025 1991 celerius
1042 1969 1157 1995 crevisse,
1179 1966 1333 1995 viridibusque
1348 1967 1410 1990 soliis
1426 1971 1448 1988 et
1463 1966 1563 1988 caulibus
1580 1969 1702 1993 vegetam.

428 2008 478 2036 (d)
495 2009 561 2031 eons.
584 2008 670 2034 llaff1,
691 2013 740 2036 pag.
760 2007 808 2034 167.
