1946 2517
644 115 1122 148 ORAT10.-
1568 118 1585 165 ᾗ

123 210 265 249 ᾓοηῑῦυς
290 209 528 254 microscopicis
554 216 586 242 et
605 207 825 242 artificialibus
853 207 1471 251 injectionibus*zwimnznnnn1,
1498 224 1587 246 nur·

123 281 231 306 scm!
260 269 482 311 aliorumque,
507 267 587 310 qni,
611 267 734 310 ingenti
769 264 938 307 flagrantes
962 266 1112 297 scientiae
1138 266 1270 307 ardore,
1293 276 1424 301 cunctas
1449 270 1577 304 eluctati

125 327 350 365 difficultates,
371 323 588 368 omnibusque
619 322 857 367 impedimentis
885 333 903 354 e
927 322 1035 354 medio
1060 323 1194 356 sublatis
1210 348 1221 365 ,
1244 326 1367 358 tamdiu
1388 329 1591 364 sectionibus«

122 385 310 418 anatomicis
344 382 574 415 lacessiverunt:
609 382 782 419 Naturam,
823 386 951 423 tamque
984 380 1042 412 diu
1071 380 1227 413 indefessa
1256 383 1412 416 industria
1454 397 1589 422 vexaves

122 448 217 481 runt,
259 440 363 472 donec
403 440 439 470 in
467 438 592 477 abdita,
627 437 747 482 quibus
780 436 1004 476 delitescebat,
1041 437 1214 480 penetralia
1242 439 1510 475 admitterentur?
1542 461 1586 472 .-

120 497 208 538 Quid
228 502 314 529 tanta
332 495 474 539 denique
497 495 686 538 Chirurgiae
700 494 885 532 columina,
913 498 1178 534 ULHORNIUM,
1200 507 1388 540 novumt,
1416 510 1590 533 sonmo«

125 565 327 593 mnemia,
346 563 614 592 'mrsmcmm
639 562 845 590 nanuum,
868 561 1225 593 moltulxnomum,
1246 565 1485 598 campanum,
1505 571 1592 594 Βοῑγ.

124 619 232 642 mun
250 608 380 641 tandem
401 616 549 642 nostrum
569 616 665 654 atque
682 619 830 642 cesscn
842 619 954 640 annm
974 608 1131 652 proferam
1148 610 1160 641 Ξ)
1181 612 1240 654 qui
1256 622 1369 646 omnes
1384 615 1593 662 Chirurgiam-

125 666 297 708 insigniter
320 666 546 704 illustrarunt,
583 673 616 695 et
648 664 793 696 nominis
826 668 876 697 sui
901 665 1016 697 famam
1044 667 1128 698 ultra
1155 670 1274 711 patriae
1295 674 1449 706 terminos
1475 688 1590 722 propa.

122 728 253 765 garunt.
306 722 364 753 His
393 721 547 754 omnibus
580 721 610 754 si
637 721 797 753 addantur
823 722 956 754 tandem
985 722 1189 756 celeberrima
1215 736 1253 758 ea
1282 727 1428 762 instituta
1453 732 1596 766 Chirur-

124 780 215 822 gica,
251 787 393 822 quorum
428 778 519 810 alteri
553 789 683 810 causam
722 778 870 822 praebuit
900 791 1205 815 monninnoru
1236 782 1481 827 benevolentia,
1515 790 1590 823 alte-

124 847 198 868 rum
230 836 391 880 originem
424 835 519 869 debet
548 837 649 880 ipsius
685 847 841 870 norunt
869 837 978 870 studio
1014 844 1047 869 et
1074 838 1270 881 industriae,
1306 843 1361 875 vix
1397 844 1524 879 dubites
1549 859 1597 882 an·

126 892 214 925 ullus
240 893 275 924 in
296 892 356 924 hac
381 894 482 937 patria
504 900 614 926 nostra
637 894 678 926 sit
704 893 813 936 locus,
844 894 902 927 ubi
928 901 994 928 tam
1017 897 1143 940 egregie
1172 898 1256 930 culta
1278 899 1376 934 fuerit
1405 902 1597 950 chirurgia,

125 960 223 992 qnam
245 951 280 982 in
303 950 363 982 hac
386 951 454 994 ipsa
477 953 618 984 civitate.

169 1006 233 1038 Sed
260 1017 441 1049 quorsum,
475 1018 615 1051 quaeso,
648 1007 762 1040 haecce
785 1019 856 1041 mea
882 1009 986 1042 tendit
1013 1010 1156 1043 Oratio?
1190 1019 1228 1045 ut
1251 1012 1469 1048 demonstrem
1498 1019 1590 1052 vobis

126 1069 312 1095 nostrorum
337 1064 565 1107 chirurgorum
592 1067 840 1109 praestantiam,
878 1073 933 1098 aut
957 1073 995 1099 ut
1017 1069 1233 1114 contendam,
1259 1071 1442 1105 hodiernae
1470 1075 1591 1108 chirur-

125 1121 196 1162 giae
230 1119 474 1161 conditionem,
513 1128 622 1153 nostra
661 1122 696 1154 in
733 1124 861 1166 patria,
901 1124 1055 1156 omnibus
1094 1128 1238 1159 numeris
1278 1140 1348 1161 esse
1379 1130 1556 1164 absolutam
1577 1134 1600 1164 1²·

126 1177 261 1210 minime
291 1187 368 1209 vero
402 1178 447 1210 A.
470 1180 515 1211 A.
539 1179 584 1211 H·-
607 1176 670 1211 ΗΛ
722 1179 819 1219 Quod
853 1181 940 1211 enim
963 1181 1089 1213 ‘multis
1125 1183 1195 1215 aliis
1229 1186 1352 1218 artibus
1386 1194 1418 1218 et
1451 1190 1602 1223 scientiis

129 1234 279 1266 accidisse
307 1240 450 1273 constat,
482 1241 519 1266 ut
548 1237 582 1267 in
614 1234 676 1267 hoe
701 1236 806 1279 patrio
833 1236 903 1268 solo
932 1243 1020 1269 ortae
1039 1245 1071 1270 et
1100 1250 1155 1282 per
1178 1240 1310 1285 aliquod
1343 1246 1495 1287 temporis
1519 1257 1592 1290 spa·

127 1291 209 1321 tium
235 1292 326 1322 omni
352 1301 429 1322 cura
452 1290 556 1323 cultae
582 1290 725 1330 fuerint,
755 1291 873 1324 deinde
897 1303 994 1332 vero,
1031 1306 1106 1326 cum
1131 1296 1171 1328 ad
1196 1298 1336 1341 aliquam
1365 1301 1593 1343 perfectionem

127 1346 254 1379 fueraut
284 1354 434 1387 evectae,
480 1358 591 1379 rursus
630 1348 895 1391 negligerentur.·‚
929 1350 1015 1382 idem
1049 1364 1180 1396 quoque
1217 1363 1344 1388 nostrae
1378 1356 1438 1389 arti
1471 1359 1593 1393 accidit.

129 1403 267 1434 Minime
300 1405 389 1432 euim
424 1414 461 1431 ea
492 1404 562 1443 pari
593 1415 687 1443 passu
716 1416 884 1443 progressa
913 1413 981 1442 est,
1018 1414 1073 1436 aut
1100 1409 1140 1437 ad
1169 1408 1251 1439 illud
1277 1409 1481 1451 perfectionis
1509 1414 1597 1447 fasti·

128 1459 218 1502 gium
246 1457 414 1501 pervenit,
448 1456 537 1499 quod
561 1456 646 1499 apud
672 1455 748 1488 alias
777 1459 925 1491 nationes
952 1471 1022 1492 eam
1053 1464 1194 1506 attigisse
1222 1466 1388 1509 videmus;
1427 1472 1512 1515 apud
1541 1484 1592 1506 eas

130 1526 281 1560 qnoque,
310 1526 392 1558 quae
420 1514 459 1546 de
483 1520 594 1546 nostro
622 1514 745 1546 lumine
771 1513 883 1547 lumen
913 1518 1058 1560 primum
1084 1522 1307 1556 accenderunt.

171 1574 319 1610 Etenim,
361 1577 398 1603 ut
433 1571 496 1603 hoc
527 1582 630 1602 unum
666 1582 861 1613 memorem,
898 1573 970 1607 licet
999 1577 1034 1608 in
1062 1578 1218 1620 urbibus,
1246 1583 1423 1627 majoribus
1448 1597 1599 1629 praeseri-

128 1629 213 1666 iim,
254 1628 437 1671 peritissimi
475 1628 592 1670 passim
625 1627 833 1662 inveniantur
866 1630 1046 1676 Chirurgi,
1090 1637 1273 1682 complures
1318 1647 1425 1673 tamen
1459 1654 1597 1684 eorum,-

127 1687 185 1730 (μή
220 1685 318 1728 vulgo
352 1685 541 1728 chirurgiae
570 1691 766 1728 operantur,
811 1687 945 1720 minime
976 1690 1121 1735 legitimo
1153 1703 1309 1738 apparatu
1345 1703 1601 1733 necessariarum

130 1745 352 1785 cognitionum
380 1748 456 1773 sunt
476 1743 644 1782 instructi3
673 1742 905 1783 humanitatis,
941 1759 1022 1791 qnae
1048 1759 1223 1791 vocantur,
1248 1754 1353 1786 studia
1380 1767 1420 1787 ne
1445 1758 1594 1800 primoris

126 1802 187 1834 bus
213 1800 342 1845 quidem
366 1800 462 1834 labris
481 1802 671 1844 attigerunt,
702 1804 859 1847 omnique
887 1804 1068 1838 litterarum
1094 1819 1155 1840 usu
1187 1817 1219 1841 et
1243 1811 1373 1843 scientia
1396 1813 1474 1844 adeo
1505 1823 1594 1857 pron-

124 1871 183 1892 sus
209 1865 285 1890 sunt
310 1856 471 1898 destituti,
516 1865 552 1890 ut
580 1860 614 1891 in
638 1858 808 1892 doctorum
840 1862 1010 1897 hominum
1039 1869 1236 1899 consortium
1263 1868 1395 1901 admitti*
1412 1877 1600 1913 nequeantfz-

126 1916 215 1962 quod
239 1915 369 1960 quidem
393 1918 562 1960 praecipue
585 1916 708 1950 dictum
734 1918 829 1952 velim
868 1919 907 1953 de
934 1921 993 1962 iis,
1025 1922 1145 1966 quibus
1170 1924 1337 1957 utilissima
1363 1926 1592 1962 civium-must

1563 1989 1609 2018 11⁴·
