<?xml version="1.0" encoding="UTF-8"?>
<!DOCTYPE html PUBLIC "-//W3C//DTD XHTML 1.0 Transitional//EN"
    "http://www.w3.org/TR/xhtml1/DTD/xhtml1-transitional.dtd">
<html xmlns="http://www.w3.org/1999/xhtml" xml:lang="en" lang="en">
 <head>
  <title>
</title>
<meta http-equiv="Content-Type" content="text/html;charset=utf-8" />
  <meta name='ocr-system' content='tesseract 3.04.00' />
  <meta name='ocr-capabilities' content='ocr_page ocr_carea ocr_par ocr_line ocrx_word'/>
</head>
<body>
  <div class='ocr_page' id='page_1' title='image "annalesacademiae21rijk_0361.png"; bbox 0 0 1946 2517; ppageno 0'>
   <div class='ocr_carea' id='block_1_1' title="bbox 355 171 1641 222">
    <p class='ocr_par' dir='ltr' id='par_1_1' title="bbox 355 171 1641 222">
     <span class='ocr_line' id='line_1_1' title="bbox 355 171 1641 222; baseline 0.007 -18"><span class='ocrx_word' id='word_1_1' title='bbox 355 171 671 204; x_wconf 84' lang='lat' dir='ltr'><strong>COMMENTATIO</strong></span> <span class='ocrx_word' id='word_1_2' title='bbox 693 183 736 205; x_wconf 76' lang='lat' dir='ltr'>AD</span> <span class='ocrx_word' id='word_1_3' title='bbox 757 174 1060 213; x_wconf 80' lang='lat' dir='ltr'><strong>QUAESTIONEM</strong></span> <span class='ocrx_word' id='word_1_4' title='bbox 1081 176 1424 212; x_wconf 57' lang='lat' dir='ltr'>PtHLOSOPfflCtM.</span> <span class='ocrx_word' id='word_1_5' title='bbox 1603 192 1641 222; x_wconf 80' lang='grc'>45</span> 
     </span>
    </p>
   </div>
   <div class='ocr_carea' id='block_1_2' title="bbox 103 257 1640 1474">
    <p class='ocr_par' dir='ltr' id='par_1_2' title="bbox 121 257 1640 449">
     <span class='ocr_line' id='line_1_2' title="bbox 130 257 1637 302; baseline 0.006 -16"><span class='ocrx_word' id='word_1_6' title='bbox 130 262 282 295; x_wconf 83' lang='lat' dir='ltr'>praecepto</span> <span class='ocrx_word' id='word_1_7' title='bbox 308 265 408 286; x_wconf 89' lang='lat' dir='ltr'>omnes</span> <span class='ocrx_word' id='word_1_8' title='bbox 437 257 638 294; x_wconf 74' lang='lat' dir='ltr'>proscribere?</span> <span class='ocrx_word' id='word_1_9' title='bbox 669 257 755 295; x_wconf 89' lang='lat' dir='ltr'>Quod</span> <span class='ocrx_word' id='word_1_10' title='bbox 777 258 889 292; x_wconf 85' lang='lat' dir='ltr'>quidem</span> <span class='ocrx_word' id='word_1_11' title='bbox 914 266 947 287; x_wconf 92' lang='lat' dir='ltr'>eo</span> <span class='ocrx_word' id='word_1_12' title='bbox 976 259 1072 288; x_wconf 88' lang='lat' dir='ltr'>minus</span> <span class='ocrx_word' id='word_1_13' title='bbox 1099 268 1169 290; x_wconf 91' lang='lat' dir='ltr'>sano</span> <span class='ocrx_word' id='word_1_14' title='bbox 1189 261 1300 298; x_wconf 86' lang='lat' dir='ltr'>judicio</span> <span class='ocrx_word' id='word_1_15' title='bbox 1321 269 1545 294; x_wconf 85' lang='lat' dir='ltr'>consentaneum</span> <span class='ocrx_word' id='word_1_16' title='bbox 1571 273 1637 302; x_wconf 86' lang='lat' dir='ltr'>est,</span> 
     </span>
     <span class='ocr_line' id='line_1_3' title="bbox 129 308 1640 348; baseline 0.006 -12"><span class='ocrx_word' id='word_1_17' title='bbox 129 309 208 345; x_wconf 88' lang='lat' dir='ltr'>quod</span> <span class='ocrx_word' id='word_1_18' title='bbox 234 309 315 336; x_wconf 83' lang='lat' dir='ltr'>multi</span> <span class='ocrx_word' id='word_1_19' title='bbox 337 309 467 337; x_wconf 87' lang='lat' dir='ltr'>homines</span> <span class='ocrx_word' id='word_1_20' title='bbox 492 308 632 347; x_wconf 87' lang='lat' dir='ltr'>ejusmodi</span> <span class='ocrx_word' id='word_1_21' title='bbox 653 308 809 337; x_wconf 83' lang='lat' dir='ltr'>affectuum</span> <span class='ocrx_word' id='word_1_22' title='bbox 829 308 858 337; x_wconf 87' lang='lat' dir='ltr'>vi</span> <span class='ocrx_word' id='word_1_23' title='bbox 877 317 995 344; x_wconf 85' lang='lat' dir='ltr'>prorsus</span> <span class='ocrx_word' id='word_1_24' title='bbox 1020 318 1137 347; x_wconf 85' lang='lat' dir='ltr'>carent,</span> <span class='ocrx_word' id='word_1_25' title='bbox 1161 313 1245 341; x_wconf 83' lang='lat' dir='ltr'>multi</span> <span class='ocrx_word' id='word_1_26' title='bbox 1264 320 1364 343; x_wconf 89' lang='lat' dir='ltr'>contra</span> <span class='ocrx_word' id='word_1_27' title='bbox 1387 314 1445 344; x_wconf 87' lang='lat' dir='ltr'>illis</span> <span class='ocrx_word' id='word_1_28' title='bbox 1468 316 1640 348; x_wconf 79' lang='lat' dir='ltr'>afficiuntur.</span> 
     </span>
     <span class='ocr_line' id='line_1_4' title="bbox 127 360 1638 403; baseline 0.005 -15"><span class='ocrx_word' id='word_1_29' title='bbox 127 360 281 399; x_wconf 86' lang='lat' dir='ltr'><strong>Quodnam</strong></span> <span class='ocrx_word' id='word_1_30' title='bbox 304 360 391 396; x_wconf 84' lang='lat' dir='ltr'>igitur</span> <span class='ocrx_word' id='word_1_31' title='bbox 417 366 461 388; x_wconf 92' lang='lat' dir='ltr'>est</span> <span class='ocrx_word' id='word_1_32' title='bbox 486 360 558 388; x_wconf 88' lang='lat' dir='ltr'>iilud</span> <span class='ocrx_word' id='word_1_33' title='bbox 577 360 704 397; x_wconf 80' lang='lat' dir='ltr'>generale</span> <span class='ocrx_word' id='word_1_34' title='bbox 729 366 933 397; x_wconf 85' lang='lat' dir='ltr'>praeceptum,</span> <span class='ocrx_word' id='word_1_35' title='bbox 961 362 1043 398; x_wconf 89' lang='lat' dir='ltr'>quod</span> <span class='ocrx_word' id='word_1_36' title='bbox 1069 363 1099 392; x_wconf 90' lang='lat' dir='ltr'>in</span> <span class='ocrx_word' id='word_1_37' title='bbox 1125 363 1171 392; x_wconf 84' lang='lat' dir='ltr'>his</span> <span class='ocrx_word' id='word_1_38' title='bbox 1197 364 1409 395; x_wconf 80' lang='lat' dir='ltr'><strong>simulationem</strong></span> <span class='ocrx_word' id='word_1_39' title='bbox 1433 367 1530 403; x_wconf 85' lang='lat' dir='ltr'>parit,</span> <span class='ocrx_word' id='word_1_40' title='bbox 1555 367 1584 396; x_wconf 90' lang='lat' dir='ltr'>in</span> <span class='ocrx_word' id='word_1_41' title='bbox 1603 369 1638 396; x_wconf 84' lang='lat' dir='ltr'>il·</span> 
     </span>
     <span class='ocr_line' id='line_1_5' title="bbox 121 412 518 449; baseline -0.005 -8"><span class='ocrx_word' id='word_1_42' title='bbox 121 412 158 441; x_wconf 81' lang='lat' dir='ltr'>lis</span> <span class='ocrx_word' id='word_1_43' title='bbox 188 419 429 449; x_wconf 81' lang='lat' dir='ltr'>supervacaneum</span> <span class='ocrx_word' id='word_1_44' title='bbox 451 412 518 440; x_wconf 75' lang='lat' dir='ltr'>est?</span> 
     </span>
    </p>

    <p class='ocr_par' dir='ltr' id='par_1_3' title="bbox 111 463 1635 952">
     <span class='ocr_line' id='line_1_6' title="bbox 155 463 1634 502; baseline 0.003 -9"><span class='ocrx_word' id='word_1_45' title='bbox 155 464 203 493; x_wconf 86' lang='lat' dir='ltr'>Ex</span> <span class='ocrx_word' id='word_1_46' title='bbox 227 463 378 492; x_wconf 79' lang='lat' dir='ltr'>affectibus</span> <span class='ocrx_word' id='word_1_47' title='bbox 401 469 493 491; x_wconf 85' lang='lat' dir='ltr'>autem</span> <span class='ocrx_word' id='word_1_48' title='bbox 522 463 610 491; x_wconf 87' lang='lat' dir='ltr'>multa</span> <span class='ocrx_word' id='word_1_49' title='bbox 633 463 707 492; x_wconf 88' lang='lat' dir='ltr'>bona</span> <span class='ocrx_word' id='word_1_50' title='bbox 731 463 875 492; x_wconf 88' lang='lat' dir='ltr'>oriuntur.</span> <span class='ocrx_word' id='word_1_51' title='bbox 916 463 1046 493; x_wconf 88' lang='lat' dir='ltr'>Stolidus</span> <span class='ocrx_word' id='word_1_52' title='bbox 1073 464 1098 493; x_wconf 85' lang='lat' dir='ltr'>is</span> <span class='ocrx_word' id='word_1_53' title='bbox 1123 466 1180 500; x_wconf 87' lang='lat' dir='ltr'>sit,</span> <span class='ocrx_word' id='word_1_54' title='bbox 1204 467 1255 502; x_wconf 86' lang='lat' dir='ltr'>qui</span> <span class='ocrx_word' id='word_1_55' title='bbox 1279 475 1377 495; x_wconf 88' lang='lat' dir='ltr'>eorum</span> <span class='ocrx_word' id='word_1_56' title='bbox 1404 468 1432 496; x_wconf 91' lang='lat' dir='ltr'>vi</span> <span class='ocrx_word' id='word_1_57' title='bbox 1455 468 1586 497; x_wconf 85' lang='lat' dir='ltr'>abutitur</span> <span class='ocrx_word' id='word_1_58' title='bbox 1605 469 1634 498; x_wconf 88' lang='lat' dir='ltr'>in</span> 
     </span>
     <span class='ocr_line' id='line_1_7' title="bbox 114 512 1635 555; baseline 0.003 -10"><span class='ocrx_word' id='word_1_59' title='bbox 114 515 257 545; x_wconf 86' lang='lat' dir='ltr'>·inanibus</span> <span class='ocrx_word' id='word_1_60' title='bbox 274 514 379 548; x_wconf 80' lang='lat' dir='ltr'>rebus,</span> <span class='ocrx_word' id='word_1_61' title='bbox 400 513 429 541; x_wconf 83' lang='lat' dir='ltr'>in</span> <span class='ocrx_word' id='word_1_62' title='bbox 448 512 517 541; x_wconf 86' lang='lat' dir='ltr'>ficto</span> <span class='ocrx_word' id='word_1_63' title='bbox 532 520 559 541; x_wconf 88' lang='lat' dir='ltr'>et</span> <span class='ocrx_word' id='word_1_64' title='bbox 575 522 650 542; x_wconf 90' lang='lat' dir='ltr'>vano</span> <span class='ocrx_word' id='word_1_65' title='bbox 672 515 771 543; x_wconf 88' lang='lat' dir='ltr'>dolore</span> <span class='ocrx_word' id='word_1_66' title='bbox 785 514 846 542; x_wconf 82' lang='lat' dir='ltr'>sive</span> <span class='ocrx_word' id='word_1_67' title='bbox 863 516 1068 550; x_wconf 86' lang='lat' dir='ltr'>producendo,</span> <span class='ocrx_word' id='word_1_68' title='bbox 1090 516 1151 544; x_wconf 88' lang='lat' dir='ltr'>sive</span> <span class='ocrx_word' id='word_1_69' title='bbox 1170 517 1290 553; x_wconf 84' lang='lat' dir='ltr'>alendo,</span> <span class='ocrx_word' id='word_1_70' title='bbox 1313 519 1373 546; x_wconf 84' lang='lat' dir='ltr'>sive</span> <span class='ocrx_word' id='word_1_71' title='bbox 1392 520 1534 555; x_wconf 83' lang='lat' dir='ltr'>augendo.</span> <span class='ocrx_word' id='word_1_72' title='bbox 1576 520 1635 549; x_wconf 87' lang='lat' dir='ltr'>Sed</span> 
     </span>
     <span class='ocr_line' id='line_1_8' title="bbox 121 563 1635 607; baseline 0.004 -13"><span class='ocrx_word' id='word_1_73' title='bbox 121 566 237 603; x_wconf 81' lang='lat' dir='ltr'>qnando</span> <span class='ocrx_word' id='word_1_74' title='bbox 255 564 374 594; x_wconf 82' lang='lat' dir='ltr'>affectus</span> <span class='ocrx_word' id='word_1_75' title='bbox 398 563 439 592; x_wconf 87' lang='lat' dir='ltr'>illi</span> <span class='ocrx_word' id='word_1_76' title='bbox 463 564 599 593; x_wconf 85' lang='lat' dir='ltr'>rationem</span> <span class='ocrx_word' id='word_1_77' title='bbox 627 565 759 593; x_wconf 86' lang='lat' dir='ltr'>comitem</span> <span class='ocrx_word' id='word_1_78' title='bbox 786 565 911 600; x_wconf 82' lang='lat' dir='ltr'>habent,</span> <span class='ocrx_word' id='word_1_79' title='bbox 940 572 968 594; x_wconf 90' lang='lat' dir='ltr'>et</span> <span class='ocrx_word' id='word_1_80' title='bbox 991 566 1026 594; x_wconf 91' lang='lat' dir='ltr'>ad</span> <span class='ocrx_word' id='word_1_81' title='bbox 1049 566 1183 595; x_wconf 85' lang='lat' dir='ltr'>virtutem</span> <span class='ocrx_word' id='word_1_82' title='bbox 1210 569 1411 605; x_wconf 80' lang='lat' dir='ltr'>applicantur,</span> <span class='ocrx_word' id='word_1_83' title='bbox 1433 578 1532 607; x_wconf 84' lang='lat' dir='ltr'>magna</span> <span class='ocrx_word' id='word_1_84' title='bbox 1565 578 1635 600; x_wconf 87' lang='lat' dir='ltr'>sunt</span> 
     </span>
     <span class='ocr_line' id='line_1_9' title="bbox 118 615 1630 655; baseline 0.003 -9"><span class='ocrx_word' id='word_1_85' title='bbox 118 617 241 646; x_wconf 80' lang='lat' dir='ltr'>virtutis</span> <span class='ocrx_word' id='word_1_86' title='bbox 261 616 420 652; x_wconf 83' lang='lat' dir='ltr'>adjumenta</span> <span class='ocrx_word' id='word_1_87' title='bbox 447 615 630 651; x_wconf 74' lang='lat' dir='ltr'>optimaeque</span> <span class='ocrx_word' id='word_1_88' title='bbox 655 616 795 644; x_wconf 89' lang='lat' dir='ltr'>virtutum</span> <span class='ocrx_word' id='word_1_89' title='bbox 825 617 1063 651; x_wconf 82' lang='lat' dir='ltr'>conservatrices.</span> <span class='ocrx_word' id='word_1_90' title='bbox 1104 617 1191 647; x_wconf 88' lang='lat' dir='ltr'>Tunc</span> <span class='ocrx_word' id='word_1_91' title='bbox 1212 627 1263 655; x_wconf 83' lang='lat' dir='ltr'>per</span> <span class='ocrx_word' id='word_1_92' title='bbox 1297 619 1418 649; x_wconf 85' lang='lat' dir='ltr'>affectus</span> <span class='ocrx_word' id='word_1_93' title='bbox 1444 621 1512 650; x_wconf 88' lang='lat' dir='ltr'>ilios</span> <span class='ocrx_word' id='word_1_94' title='bbox 1543 621 1630 650; x_wconf 87' lang='lat' dir='ltr'>animi</span> 
     </span>
     <span class='ocr_line' id='line_1_10' title="bbox 118 666 1634 707; baseline 0.001 -9"><span class='ocrx_word' id='word_1_95' title='bbox 118 673 361 701; x_wconf 82' lang='lat' dir='ltr'>commoventur,</span> <span class='ocrx_word' id='word_1_96' title='bbox 385 666 510 695; x_wconf 88' lang='lat' dir='ltr'>Virtutis</span> <span class='ocrx_word' id='word_1_97' title='bbox 536 673 563 694; x_wconf 87' lang='lat' dir='ltr'>et</span> <span class='ocrx_word' id='word_1_98' title='bbox 583 666 799 702; x_wconf 84' lang='lat' dir='ltr'>pulchritudine</span> <span class='ocrx_word' id='word_1_99' title='bbox 825 674 852 695; x_wconf 90' lang='lat' dir='ltr'>et</span> <span class='ocrx_word' id='word_1_100' title='bbox 869 668 1005 704; x_wconf 85' lang='lat' dir='ltr'>exemplis</span> <span class='ocrx_word' id='word_1_101' title='bbox 1032 674 1060 697; x_wconf 90' lang='lat' dir='ltr'>et</span> <span class='ocrx_word' id='word_1_102' title='bbox 1084 671 1248 699; x_wconf 86' lang='lat' dir='ltr'>constantia</span> <span class='ocrx_word' id='word_1_103' title='bbox 1275 672 1452 707; x_wconf 87' lang='lat' dir='ltr'>propositis.</span> <span class='ocrx_word' id='word_1_104' title='bbox 1493 674 1634 702; x_wconf 85' lang='lat' dir='ltr'>Commo.</span> 
     </span>
     <span class='ocr_line' id='line_1_11' title="bbox 116 716 1632 760; baseline 0.001 -11"><span class='ocrx_word' id='word_1_105' title='bbox 116 725 222 749; x_wconf 87' lang='lat' dir='ltr'>ventur</span> <span class='ocrx_word' id='word_1_106' title='bbox 245 724 272 746; x_wconf 88' lang='lat' dir='ltr'>et</span> <span class='ocrx_word' id='word_1_107' title='bbox 294 716 380 746; x_wconf 87' lang='lat' dir='ltr'>animi</span> <span class='ocrx_word' id='word_1_108' title='bbox 398 725 449 753; x_wconf 87' lang='lat' dir='ltr'>per</span> <span class='ocrx_word' id='word_1_109' title='bbox 473 716 602 745; x_wconf 82' lang='lat' dir='ltr'>miseram</span> <span class='ocrx_word' id='word_1_110' title='bbox 627 717 690 746; x_wconf 91' lang='lat' dir='ltr'>vitii</span> <span class='ocrx_word' id='word_1_111' title='bbox 715 718 943 755; x_wconf 86' lang='lat' dir='ltr'>turpitudinem3</span> <span class='ocrx_word' id='word_1_112' title='bbox 969 725 997 747; x_wconf 88' lang='lat' dir='ltr'>et</span> <span class='ocrx_word' id='word_1_113' title='bbox 1018 728 1076 755; x_wconf 92' lang='lat' dir='ltr'>quo</span> <span class='ocrx_word' id='word_1_114' title='bbox 1091 721 1182 758; x_wconf 84' lang='lat' dir='ltr'>magis</span> <span class='ocrx_word' id='word_1_115' title='bbox 1202 722 1345 751; x_wconf 88' lang='lat' dir='ltr'>hominem</span> <span class='ocrx_word' id='word_1_116' title='bbox 1365 731 1526 752; x_wconf 85' lang='lat' dir='ltr'>commovet</span> <span class='ocrx_word' id='word_1_117' title='bbox 1553 733 1632 760; x_wconf 84' lang='lat' dir='ltr'>prae.</span> 
     </span>
     <span class='ocr_line' id='line_1_12' title="bbox 116 768 1630 811; baseline 0.002 -10"><span class='ocrx_word' id='word_1_118' title='bbox 116 770 224 801; x_wconf 77' lang='lat' dir='ltr'>stantia</span> <span class='ocrx_word' id='word_1_119' title='bbox 251 768 368 797; x_wconf 83' lang='lat' dir='ltr'>virtutis</span> <span class='ocrx_word' id='word_1_120' title='bbox 393 776 427 796; x_wconf 86' lang='lat' dir='ltr'>eo</span> <span class='ocrx_word' id='word_1_121' title='bbox 455 768 544 805; x_wconf 83' lang='lat' dir='ltr'>tnagis</span> <span class='ocrx_word' id='word_1_122' title='bbox 578 774 685 797; x_wconf 87' lang='lat' dir='ltr'>metuet</span> <span class='ocrx_word' id='word_1_123' title='bbox 714 774 742 796; x_wconf 91' lang='lat' dir='ltr'>et</span> <span class='ocrx_word' id='word_1_124' title='bbox 766 769 877 798; x_wconf 88' lang='lat' dir='ltr'>cavebit</span> <span class='ocrx_word' id='word_1_125' title='bbox 902 778 938 799; x_wconf 88' lang='lat' dir='ltr'>ne</span> <span class='ocrx_word' id='word_1_126' title='bbox 967 771 1127 807; x_wconf 78' lang='lat' dir='ltr'>praeclarus</span> <span class='ocrx_word' id='word_1_127' title='bbox 1151 772 1198 800; x_wconf 84' lang='lat' dir='ltr'>hic</span> <span class='ocrx_word' id='word_1_128' title='bbox 1224 773 1345 802; x_wconf 84' lang='lat' dir='ltr'>affectus</span> <span class='ocrx_word' id='word_1_129' title='bbox 1376 782 1578 811; x_wconf 64' lang='lat' dir='ltr'>corrumpatur</span> <span class='ocrx_word' id='word_1_130' title='bbox 1602 782 1630 804; x_wconf 90' lang='lat' dir='ltr'>et</span> 
     </span>
     <span class='ocr_line' id='line_1_13' title="bbox 113 819 1631 859; baseline 0.003 -8"><span class='ocrx_word' id='word_1_131' title='bbox 113 826 292 859; x_wconf 82' lang='lat' dir='ltr'>pervertatur</span> <span class='ocrx_word' id='word_1_132' title='bbox 315 819 422 848; x_wconf 85' lang='lat' dir='ltr'>vilibus</span> <span class='ocrx_word' id='word_1_133' title='bbox 443 826 470 847; x_wconf 91' lang='lat' dir='ltr'>et</span> <span class='ocrx_word' id='word_1_134' title='bbox 494 819 622 856; x_wconf 86' lang='lat' dir='ltr'>indignis</span> <span class='ocrx_word' id='word_1_135' title='bbox 651 820 736 848; x_wconf 88' lang='lat' dir='ltr'>rebus</span> <span class='ocrx_word' id='word_1_136' title='bbox 756 819 841 857; x_wconf 86' lang='lat'>(1).</span> <span class='ocrx_word' id='word_1_137' title='bbox 881 820 949 850; x_wconf 88' lang='lat' dir='ltr'>Sine</span> <span class='ocrx_word' id='word_1_138' title='bbox 971 821 1061 851; x_wconf 90' lang='lat' dir='ltr'>dubio</span> <span class='ocrx_word' id='word_1_139' title='bbox 1086 830 1137 858; x_wconf 87' lang='lat' dir='ltr'>per</span> <span class='ocrx_word' id='word_1_140' title='bbox 1161 823 1281 852; x_wconf 82' lang='lat' dir='ltr'>affectus</span> <span class='ocrx_word' id='word_1_141' title='bbox 1306 825 1437 854; x_wconf 86' lang='lat' dir='ltr'>homines</span> <span class='ocrx_word' id='word_1_142' title='bbox 1463 826 1555 854; x_wconf 83' lang='lat' dir='ltr'>multo</span> <span class='ocrx_word' id='word_1_143' title='bbox 1574 835 1631 855; x_wconf 86' lang='lat' dir='ltr'>ma-</span> 
     </span>
     <span class='ocr_line' id='line_1_14' title="bbox 116 870 1628 913; baseline 0.004 -12"><span class='ocrx_word' id='word_1_144' title='bbox 116 872 162 909; x_wconf 80' lang='lat' dir='ltr'>gis</span> <span class='ocrx_word' id='word_1_145' title='bbox 186 871 294 901; x_wconf 86' lang='lat' dir='ltr'>doloris</span> <span class='ocrx_word' id='word_1_146' title='bbox 316 871 440 907; x_wconf 86' lang='lat' dir='ltr'>pondere</span> <span class='ocrx_word' id='word_1_147' title='bbox 459 877 633 907; x_wconf 82' lang='lat' dir='ltr'>gravantur,</span> <span class='ocrx_word' id='word_1_148' title='bbox 659 870 709 899; x_wconf 85' lang='lat' dir='ltr'>sed</span> <span class='ocrx_word' id='word_1_149' title='bbox 735 870 841 908; x_wconf 80' lang='lat' dir='ltr'>majora</span> <span class='ocrx_word' id='word_1_150' title='bbox 862 880 980 909; x_wconf 87' lang='lat' dir='ltr'>quoque</span> <span class='ocrx_word' id='word_1_151' title='bbox 1004 873 1107 902; x_wconf 81' lang='lat' dir='ltr'>solatia</span> <span class='ocrx_word' id='word_1_152' title='bbox 1131 875 1295 912; x_wconf 84' lang='lat' dir='ltr'>percipiunt</span> <span class='ocrx_word' id='word_1_153' title='bbox 1318 885 1351 905; x_wconf 85' lang='lat' dir='ltr'>ex</span> <span class='ocrx_word' id='word_1_154' title='bbox 1374 877 1520 913; x_wconf 84' lang='lat' dir='ltr'>amicitia,</span> <span class='ocrx_word' id='word_1_155' title='bbox 1542 884 1574 906; x_wconf 89' lang='lat' dir='ltr'>ut</span> <span class='ocrx_word' id='word_1_156' title='bbox 1593 878 1628 906; x_wconf 87' lang='lat' dir='ltr'>de</span> 
     </span>
     <span class='ocr_line' id='line_1_15' title="bbox 111 921 595 952; baseline 0 -1"><span class='ocrx_word' id='word_1_157' title='bbox 111 922 176 952; x_wconf 81' lang='lat' dir='ltr'>aliis</span> <span class='ocrx_word' id='word_1_158' title='bbox 199 921 295 951; x_wconf 89' lang='lat' dir='ltr'>solatii</span> <span class='ocrx_word' id='word_1_159' title='bbox 317 921 450 950; x_wconf 87' lang='lat' dir='ltr'>fontibus</span> <span class='ocrx_word' id='word_1_160' title='bbox 475 928 595 951; x_wconf 86' lang='lat' dir='ltr'>taceam.</span> 
     </span>
    </p>

    <p class='ocr_par' dir='ltr' id='par_1_4' title="bbox 113 972 1627 1168">
     <span class='ocr_line' id='line_1_16' title="bbox 155 972 1627 1015; baseline 0.004 -13"><span class='ocrx_word' id='word_1_161' title='bbox 155 973 202 1003; x_wconf 89' lang='lat' dir='ltr'>Illi</span> <span class='ocrx_word' id='word_1_162' title='bbox 221 973 272 1009; x_wconf 88' lang='lat' dir='ltr'>qui</span> <span class='ocrx_word' id='word_1_163' title='bbox 298 972 448 1001; x_wconf 84' lang='lat' dir='ltr'>affectibus</span> <span class='ocrx_word' id='word_1_164' title='bbox 467 979 564 1001; x_wconf 85' lang='lat' dir='ltr'>carent</span> <span class='ocrx_word' id='word_1_165' title='bbox 583 973 637 1002; x_wconf 87' lang='lat' dir='ltr'>hos</span> <span class='ocrx_word' id='word_1_166' title='bbox 654 982 735 1007; x_wconf 85' lang='lat' dir='ltr'>saepe</span> <span class='ocrx_word' id='word_1_167' title='bbox 760 973 901 1010; x_wconf 85' lang='lat' dir='ltr'>Egoismo</span> <span class='ocrx_word' id='word_1_168' title='bbox 920 974 1089 1010; x_wconf 85' lang='lat' dir='ltr'>inquinatos</span> <span class='ocrx_word' id='word_1_169' title='bbox 1105 983 1133 1006; x_wconf 89' lang='lat' dir='ltr'>et</span> <span class='ocrx_word' id='word_1_170' title='bbox 1157 986 1209 1007; x_wconf 86' lang='lat' dir='ltr'>sua</span> <span class='ocrx_word' id='word_1_171' title='bbox 1228 978 1345 1014; x_wconf 89' lang='lat' dir='ltr'>propria</span> <span class='ocrx_word' id='word_1_172' title='bbox 1364 978 1528 1008; x_wconf 86' lang='lat' dir='ltr'>infelicitate</span> <span class='ocrx_word' id='word_1_173' title='bbox 1546 987 1627 1015; x_wconf 83' lang='lat' dir='ltr'>pror-</span> 
     </span>
     <span class='ocr_line' id='line_1_17' title="bbox 114 1023 1627 1067; baseline 0.004 -14"><span class='ocrx_word' id='word_1_174' title='bbox 114 1031 167 1053; x_wconf 76' lang='lat' dir='ltr'>sus</span> <span class='ocrx_word' id='word_1_175' title='bbox 190 1023 300 1053; x_wconf 83' lang='lat' dir='ltr'>fractos</span> <span class='ocrx_word' id='word_1_176' title='bbox 320 1024 462 1054; x_wconf 84' lang='lat' dir='ltr'>videmus.</span> <span class='ocrx_word' id='word_1_177' title='bbox 502 1023 661 1060; x_wconf 88' lang='lat' dir='ltr'>Egoismus</span> <span class='ocrx_word' id='word_1_178' title='bbox 680 1032 772 1055; x_wconf 82' lang='lat' dir='ltr'>autem</span> <span class='ocrx_word' id='word_1_179' title='bbox 790 1025 836 1060; x_wconf 85' lang='lat' dir='ltr'>ei,</span> <span class='ocrx_word' id='word_1_180' title='bbox 861 1033 945 1061; x_wconf 85' lang='lat' dir='ltr'>quem</span> <span class='ocrx_word' id='word_1_181' title='bbox 962 1026 1060 1056; x_wconf 84' lang='lat' dir='ltr'>dolore</span> <span class='ocrx_word' id='word_1_182' title='bbox 1076 1028 1183 1064; x_wconf 83' lang='lat' dir='ltr'>afficit,</span> <span class='ocrx_word' id='word_1_183' title='bbox 1202 1029 1285 1058; x_wconf 87' lang='lat' dir='ltr'>etiam</span> <span class='ocrx_word' id='word_1_184' title='bbox 1308 1030 1402 1067; x_wconf 82' lang='lat' dir='ltr'>injicit</span> <span class='ocrx_word' id='word_1_185' title='bbox 1425 1030 1575 1066; x_wconf 82' lang='lat' dir='ltr'>ruborem3</span> <span class='ocrx_word' id='word_1_186' title='bbox 1599 1036 1627 1059; x_wconf 87' lang='lat' dir='ltr'>et</span> 
     </span>
     <span class='ocr_line' id='line_1_18' title="bbox 115 1074 1624 1114; baseline 0.005 -11"><span class='ocrx_word' id='word_1_187' title='bbox 115 1074 159 1103; x_wconf 78' lang='lat' dir='ltr'>sic</span> <span class='ocrx_word' id='word_1_188' title='bbox 183 1074 269 1110; x_wconf 82' lang='lat' dir='ltr'>duri,</span> <span class='ocrx_word' id='word_1_189' title='bbox 292 1080 324 1102; x_wconf 91' lang='lat' dir='ltr'>ut</span> <span class='ocrx_word' id='word_1_190' title='bbox 343 1080 503 1108; x_wconf 80' lang='lat' dir='ltr'>vocantur,</span> <span class='ocrx_word' id='word_1_191' title='bbox 525 1074 655 1103; x_wconf 88' lang='lat' dir='ltr'>homines</span> <span class='ocrx_word' id='word_1_192' title='bbox 678 1075 794 1104; x_wconf 86' lang='lat' dir='ltr'>caeteris</span> <span class='ocrx_word' id='word_1_193' title='bbox 814 1084 873 1104; x_wconf 90' lang='lat' dir='ltr'>non</span> <span class='ocrx_word' id='word_1_194' title='bbox 889 1075 1034 1105; x_wconf 87' lang='lat' dir='ltr'>feliciores</span> <span class='ocrx_word' id='word_1_195' title='bbox 1058 1085 1143 1114; x_wconf 86' lang='lat' dir='ltr'>sunt,</span> <span class='ocrx_word' id='word_1_196' title='bbox 1170 1079 1218 1108; x_wconf 87' lang='lat' dir='ltr'>sed</span> <span class='ocrx_word' id='word_1_197' title='bbox 1234 1086 1334 1108; x_wconf 89' lang='lat' dir='ltr'>contra</span> <span class='ocrx_word' id='word_1_198' title='bbox 1351 1089 1409 1110; x_wconf 91' lang='lat' dir='ltr'>non</span> <span class='ocrx_word' id='word_1_199' title='bbox 1436 1081 1529 1108; x_wconf 72' lang='lat' dir='ltr'>solnm</span> <span class='ocrx_word' id='word_1_200' title='bbox 1563 1082 1624 1110; x_wconf 84' lang='lat' dir='ltr'>suis</span> 
     </span>
     <span class='ocr_line' id='line_1_19' title="bbox 113 1124 1527 1168; baseline 0.006 -16"><span class='ocrx_word' id='word_1_201' title='bbox 113 1124 198 1153; x_wconf 82' lang='lat' dir='ltr'>malis</span> <span class='ocrx_word' id='word_1_202' title='bbox 223 1124 418 1153; x_wconf 83' lang='lat' dir='ltr'>vehementius</span> <span class='ocrx_word' id='word_1_203' title='bbox 446 1125 661 1161; x_wconf 83' lang='lat' dir='ltr'>deprimuntur,</span> <span class='ocrx_word' id='word_1_204' title='bbox 690 1134 789 1155; x_wconf 90' lang='lat' dir='ltr'>verum</span> <span class='ocrx_word' id='word_1_205' title='bbox 818 1133 846 1154; x_wconf 92' lang='lat' dir='ltr'>et</span> <span class='ocrx_word' id='word_1_206' title='bbox 876 1126 1046 1156; x_wconf 83' lang='lat' dir='ltr'>solatiorum</span> <span class='ocrx_word' id='word_1_207' title='bbox 1068 1129 1204 1158; x_wconf 83' lang='lat' dir='ltr'>beneficia</span> <span class='ocrx_word' id='word_1_208' title='bbox 1226 1131 1261 1158; x_wconf 86' lang='lat' dir='ltr'>iis</span> <span class='ocrx_word' id='word_1_209' title='bbox 1292 1131 1396 1168; x_wconf 85' lang='lat' dir='ltr'>abripit</span> <span class='ocrx_word' id='word_1_210' title='bbox 1423 1133 1527 1167; x_wconf 83' lang='lat' dir='ltr'>pudor.</span> 
     </span>
    </p>

    <p class='ocr_par' dir='ltr' id='par_1_5' title="bbox 103 1175 1624 1474">
     <span class='ocr_line' id='line_1_20' title="bbox 145 1175 1622 1216; baseline 0.006 -13"><span class='ocrx_word' id='word_1_211' title='bbox 145 1175 224 1204; x_wconf 89' lang='lat' dir='ltr'>Haec</span> <span class='ocrx_word' id='word_1_212' title='bbox 250 1176 346 1204; x_wconf 87' lang='lat' dir='ltr'>omnia</span> <span class='ocrx_word' id='word_1_213' title='bbox 379 1183 472 1205; x_wconf 85' lang='lat' dir='ltr'>autem</span> <span class='ocrx_word' id='word_1_214' title='bbox 506 1185 565 1206; x_wconf 86' lang='lat' dir='ltr'>non</span> <span class='ocrx_word' id='word_1_215' title='bbox 590 1186 606 1206; x_wconf 88' lang='lat' dir='ltr'>a</span> <span class='ocrx_word' id='word_1_216' title='bbox 639 1176 749 1207; x_wconf 83' lang='lat' dir='ltr'>Stoicis</span> <span class='ocrx_word' id='word_1_217' title='bbox 784 1179 833 1206; x_wconf 79' lang='lat' dir='ltr'>sed</span> <span class='ocrx_word' id='word_1_218' title='bbox 864 1178 900 1207; x_wconf 88' lang='lat' dir='ltr'>ab</span> <span class='ocrx_word' id='word_1_219' title='bbox 933 1179 1036 1207; x_wconf 85' lang='lat' dir='ltr'>horum</span> <span class='ocrx_word' id='word_1_220' title='bbox 1070 1186 1230 1216; x_wconf 89' lang='lat' dir='ltr'>temporum</span> <span class='ocrx_word' id='word_1_221' title='bbox 1257 1181 1424 1210; x_wconf 88' lang='lat' dir='ltr'>hominibus</span> <span class='ocrx_word' id='word_1_222' title='bbox 1453 1183 1529 1212; x_wconf 88' lang='lat' dir='ltr'>dicta</span> <span class='ocrx_word' id='word_1_223' title='bbox 1559 1191 1622 1213; x_wconf 88' lang='lat' dir='ltr'>esse</span> 
     </span>
     <span class='ocr_line' id='line_1_21' title="bbox 106 1226 1624 1264; baseline 0.005 -8"><span class='ocrx_word' id='word_1_224' title='bbox 106 1232 243 1264; x_wconf 82' lang='lat' dir='ltr'>possunt.</span> <span class='ocrx_word' id='word_1_225' title='bbox 288 1226 383 1255; x_wconf 77' lang='lat' dir='ltr'>Stoici</span> <span class='ocrx_word' id='word_1_226' title='bbox 401 1227 443 1256; x_wconf 85' lang='lat' dir='ltr'>nii</span> <span class='ocrx_word' id='word_1_227' title='bbox 465 1227 545 1256; x_wconf 87' lang='lat' dir='ltr'>aliud</span> <span class='ocrx_word' id='word_1_228' title='bbox 567 1228 624 1258; x_wconf 87' lang='lat' dir='ltr'>nisi</span> <span class='ocrx_word' id='word_1_229' title='bbox 646 1227 844 1257; x_wconf 86' lang='lat' dir='ltr'>fortitudinem</span> <span class='ocrx_word' id='word_1_230' title='bbox 870 1236 898 1258; x_wconf 91' lang='lat' dir='ltr'>et</span> <span class='ocrx_word' id='word_1_231' title='bbox 924 1229 1141 1259; x_wconf 81' lang='lat' dir='ltr'>indifferentiam</span> <span class='ocrx_word' id='word_1_232' title='bbox 1175 1239 1274 1261; x_wconf 86' lang='lat' dir='ltr'>contra</span> <span class='ocrx_word' id='word_1_233' title='bbox 1299 1233 1407 1261; x_wconf 84' lang='lat' dir='ltr'>doloris</span> <span class='ocrx_word' id='word_1_234' title='bbox 1439 1234 1496 1263; x_wconf 87' lang='lat' dir='ltr'>vim</span> <span class='ocrx_word' id='word_1_235' title='bbox 1524 1241 1556 1263; x_wconf 90' lang='lat' dir='ltr'>ut</span> <span class='ocrx_word' id='word_1_236' title='bbox 1581 1242 1624 1263; x_wconf 81' lang='lat' dir='ltr'>re·</span> 
     </span>
     <span class='ocr_line' id='line_1_22' title="bbox 107 1278 1623 1321; baseline 0.006 -15"><span class='ocrx_word' id='word_1_237' title='bbox 107 1278 232 1306; x_wconf 85' lang='lat' dir='ltr'>medium</span> <span class='ocrx_word' id='word_1_238' title='bbox 251 1278 384 1307; x_wconf 90' lang='lat' dir='ltr'>adhibere</span> <span class='ocrx_word' id='word_1_239' title='bbox 408 1286 581 1314; x_wconf 79' lang='lat' dir='ltr'>putuerunt.</span> <span class='ocrx_word' id='word_1_240' title='bbox 622 1280 664 1309; x_wconf 90' lang='lat' dir='ltr'>Et</span> <span class='ocrx_word' id='word_1_241' title='bbox 687 1280 806 1309; x_wconf 86' lang='lat' dir='ltr'>omnino</span> <span class='ocrx_word' id='word_1_242' title='bbox 837 1280 1035 1310; x_wconf 82' lang='lat' dir='ltr'>confitendum</span> <span class='ocrx_word' id='word_1_243' title='bbox 1067 1288 1112 1310; x_wconf 86' lang='lat' dir='ltr'>est</span> <span class='ocrx_word' id='word_1_244' title='bbox 1141 1283 1328 1312; x_wconf 85' lang='lat' dir='ltr'>admiratione</span> <span class='ocrx_word' id='word_1_245' title='bbox 1362 1284 1466 1321; x_wconf 83' lang='lat' dir='ltr'>dignos</span> <span class='ocrx_word' id='word_1_246' title='bbox 1504 1294 1569 1315; x_wconf 81' lang='lat' dir='ltr'>esse</span> <span class='ocrx_word' id='word_1_247' title='bbox 1587 1287 1623 1314; x_wconf 82' lang='lat' dir='ltr'>il·</span> 
     </span>
     <span class='ocr_line' id='line_1_23' title="bbox 104 1328 1621 1372; baseline 0.006 -16"><span class='ocrx_word' id='word_1_248' title='bbox 104 1328 168 1363; x_wconf 86' lang='lat' dir='ltr'>los,</span> <span class='ocrx_word' id='word_1_249' title='bbox 189 1328 240 1364; x_wconf 88' lang='lat' dir='ltr'>qui</span> <span class='ocrx_word' id='word_1_250' title='bbox 263 1328 334 1357; x_wconf 85' lang='lat' dir='ltr'>hanc</span> <span class='ocrx_word' id='word_1_251' title='bbox 356 1335 461 1366; x_wconf 81' lang='lat' dir='ltr'>partem</span> <span class='ocrx_word' id='word_1_252' title='bbox 484 1330 568 1367; x_wconf 88' lang='lat' dir='ltr'>sequi</span> <span class='ocrx_word' id='word_1_253' title='bbox 589 1338 648 1359; x_wconf 87' lang='lat' dir='ltr'>non</span> <span class='ocrx_word' id='word_1_254' title='bbox 672 1331 814 1366; x_wconf 77' lang='lat' dir='ltr'>aspernati</span> <span class='ocrx_word' id='word_1_255' title='bbox 836 1338 928 1367; x_wconf 86' lang='lat' dir='ltr'>sunt,</span> <span class='ocrx_word' id='word_1_256' title='bbox 953 1333 1064 1368; x_wconf 85' lang='lat' dir='ltr'>quique</span> <span class='ocrx_word' id='word_1_257' title='bbox 1085 1333 1115 1361; x_wconf 91' lang='lat' dir='ltr'>in</span> <span class='ocrx_word' id='word_1_258' title='bbox 1144 1341 1176 1362; x_wconf 85' lang='lat' dir='ltr'>eo</span> <span class='ocrx_word' id='word_1_259' title='bbox 1201 1335 1386 1364; x_wconf 75' lang='lat' dir='ltr'>solummodo</span> <span class='ocrx_word' id='word_1_260' title='bbox 1411 1336 1547 1372; x_wconf 79' lang='lat' dir='ltr'>culpandi</span> <span class='ocrx_word' id='word_1_261' title='bbox 1576 1334 1621 1365; x_wconf 85' lang='lat' dir='ltr'>vi-</span> 
     </span>
     <span class='ocr_line' id='line_1_24' title="bbox 104 1377 1619 1424; baseline 0.007 -18"><span class='ocrx_word' id='word_1_262' title='bbox 104 1377 229 1414; x_wconf 83' lang='lat' dir='ltr'>dentur,</span> <span class='ocrx_word' id='word_1_263' title='bbox 259 1379 340 1413; x_wconf 84' lang='lat' dir='ltr'>quod</span> <span class='ocrx_word' id='word_1_264' title='bbox 363 1380 406 1408; x_wconf 87' lang='lat' dir='ltr'>nil</span> <span class='ocrx_word' id='word_1_265' title='bbox 433 1379 511 1409; x_wconf 82' lang='lat' dir='ltr'>aliud</span> <span class='ocrx_word' id='word_1_266' title='bbox 535 1381 592 1410; x_wconf 86' lang='lat' dir='ltr'>nisi</span> <span class='ocrx_word' id='word_1_267' title='bbox 617 1381 815 1418; x_wconf 84' lang='lat' dir='ltr'>constantiae,</span> <span class='ocrx_word' id='word_1_268' title='bbox 844 1383 1038 1418; x_wconf 63' lang='lat' dir='ltr'>nobilitatis„</span> <span class='ocrx_word' id='word_1_269' title='bbox 1058 1383 1257 1421; x_wconf 73' lang='lat' dir='ltr'>fortitudinis,</span> <span class='ocrx_word' id='word_1_270' title='bbox 1285 1387 1371 1415; x_wconf 87' lang='lat' dir='ltr'>animi</span> <span class='ocrx_word' id='word_1_271' title='bbox 1412 1388 1619 1424; x_wconf 80' lang='lat' dir='ltr'>magnitudinis</span> 
     </span>
     <span class='ocr_line' id='line_1_25' title="bbox 103 1429 1617 1474; baseline 0.008 -19"><span class='ocrx_word' id='word_1_272' title='bbox 103 1435 204 1456; x_wconf 87' lang='lat' dir='ltr'>vocem</span> <span class='ocrx_word' id='word_1_273' title='bbox 236 1429 334 1457; x_wconf 87' lang='lat' dir='ltr'>audire</span> <span class='ocrx_word' id='word_1_274' title='bbox 358 1431 474 1459; x_wconf 78' lang='lat' dir='ltr'>vellent.</span> <span class='ocrx_word' id='word_1_275' title='bbox 515 1431 547 1460; x_wconf 91' lang='lat' dir='ltr'>Si</span> <span class='ocrx_word' id='word_1_276' title='bbox 573 1431 603 1461; x_wconf 87' lang='lat' dir='ltr'>in</span> <span class='ocrx_word' id='word_1_277' title='bbox 629 1431 682 1460; x_wconf 86' lang='lat' dir='ltr'>ilio</span> <span class='ocrx_word' id='word_1_278' title='bbox 709 1437 862 1468; x_wconf 79' lang='lat' dir='ltr'>errarunt,</span> <span class='ocrx_word' id='word_1_279' title='bbox 891 1433 1087 1463; x_wconf 83' lang='lat' dir='ltr'>confitendum</span> <span class='ocrx_word' id='word_1_280' title='bbox 1114 1441 1207 1465; x_wconf 76' lang='lat' dir='ltr'>tamen</span> <span class='ocrx_word' id='word_1_281' title='bbox 1230 1443 1273 1465; x_wconf 90' lang='lat' dir='ltr'>est</span> <span class='ocrx_word' id='word_1_282' title='bbox 1306 1438 1472 1474; x_wconf 81' lang='lat' dir='ltr'>hujusmodi</span> <span class='ocrx_word' id='word_1_283' title='bbox 1497 1445 1617 1467; x_wconf 78' lang='lat' dir='ltr'>errorem</span> 
     </span>
    </p>
   </div>
   <div class='ocr_carea' id='block_1_3' title="bbox 99 1479 1622 1570">
    <p class='ocr_par' dir='ltr' id='par_1_6' title="bbox 99 1479 1622 1570">
     <span class='ocr_line' id='line_1_26' title="bbox 99 1479 563 1516; baseline 0.009 -8"><span class='ocrx_word' id='word_1_284' title='bbox 99 1479 256 1516; x_wconf 84' lang='lat' dir='ltr'>pulchrum</span> <span class='ocrx_word' id='word_1_285' title='bbox 282 1487 311 1510; x_wconf 86' lang='lat' dir='ltr'>et</span> <span class='ocrx_word' id='word_1_286' title='bbox 335 1482 411 1511; x_wconf 88' lang='lat' dir='ltr'>laudi</span> <span class='ocrx_word' id='word_1_287' title='bbox 436 1482 472 1511; x_wconf 81' lang='lat' dir='ltr'>iis</span> <span class='ocrx_word' id='word_1_288' title='bbox 488 1491 563 1512; x_wconf 84' lang='lat' dir='ltr'>esse.</span> 
     </span>
     <span class='ocr_line' id='line_1_27' title="bbox 1565 1541 1622 1570; baseline 0.018 -1"><span class='ocrx_word' id='word_1_289' title='bbox 1565 1541 1622 1570; x_wconf 87' lang='lat' dir='ltr'>Sed</span> 
     </span>
    </p>
   </div>
   <div class='ocr_carea' id='block_1_4' title="bbox 84 1625 1618 2039">
    <p class='ocr_par' dir='ltr' id='par_1_7' title="bbox 84 1625 1618 2039">
     <span class='ocr_line' id='line_1_28' title="bbox 130 1625 1617 1667; baseline 0.004 -13"><span class='ocrx_word' id='word_1_290' title='bbox 130 1625 196 1660; x_wconf 83' lang='grc' dir='ltr'>(ι)</span> <span class='ocrx_word' id='word_1_291' title='bbox 216 1627 305 1654; x_wconf 85' lang='lat' dir='ltr'>Liceat</span> <span class='ocrx_word' id='word_1_292' title='bbox 325 1627 369 1654; x_wconf 87' lang='lat' dir='ltr'>hic</span> <span class='ocrx_word' id='word_1_293' title='bbox 395 1630 467 1656; x_wconf 80' lang='lat' dir='ltr'>etiam</span> <span class='ocrx_word' id='word_1_294' title='bbox 487 1630 631 1657; x_wconf 72' lang='lat' dir='ltr'>Anciilorfis</span> <span class='ocrx_word' id='word_1_295' title='bbox 657 1631 735 1657; x_wconf 88' lang='lat' dir='ltr'>verba</span> <span class='ocrx_word' id='word_1_296' title='bbox 754 1629 856 1657; x_wconf 77' lang='lat' dir='ltr'>referre.</span> <span class='ocrx_word' id='word_1_297' title='bbox 898 1629 967 1664; x_wconf 85' lang='lat' dir='ltr'>Quid</span> <span class='ocrx_word' id='word_1_298' title='bbox 992 1631 1057 1657; x_wconf 83' lang='lat' dir='ltr'>enim</span> <span class='ocrx_word' id='word_1_299' title='bbox 1076 1632 1163 1658; x_wconf 85' lang='lat' dir='ltr'>meiius</span> <span class='ocrx_word' id='word_1_300' title='bbox 1187 1632 1273 1659; x_wconf 80' lang='lat' dir='ltr'>facere</span> <span class='ocrx_word' id='word_1_301' title='bbox 1293 1640 1414 1666; x_wconf 74' lang='lat' dir='ltr'>possunt.</span> <span class='ocrx_word' id='word_1_302' title='bbox 1443 1641 1516 1666; x_wconf 79' lang='lat' dir='ltr'>quarn</span> <span class='ocrx_word' id='word_1_303' title='bbox 1546 1635 1617 1667; x_wconf 83' lang='lat' dir='ltr'>ejus-</span> 
     </span>
     <span class='ocr_line' id='line_1_29' title="bbox 94 1673 1618 1714; baseline 0.007 -16"><span class='ocrx_word' id='word_1_304' title='bbox 94 1673 164 1699; x_wconf 86' lang='lat' dir='ltr'>modi</span> <span class='ocrx_word' id='word_1_305' title='bbox 182 1675 279 1707; x_wconf 78' lang='lat' dir='ltr'>pulcris</span> <span class='ocrx_word' id='word_1_306' title='bbox 307 1677 436 1709; x_wconf 77' lang='lat' dir='ltr'>excerptis</span> <span class='ocrx_word' id='word_1_307' title='bbox 456 1678 539 1704; x_wconf 87' lang='lat' dir='ltr'>hocce</span> <span class='ocrx_word' id='word_1_308' title='bbox 566 1679 693 1711; x_wconf 85' lang='lat' dir='ltr'>specimen</span> <span class='ocrx_word' id='word_1_309' title='bbox 720 1678 834 1704; x_wconf 77' lang='lat' dir='ltr'>ornare?</span> <span class='ocrx_word' id='word_1_310' title='bbox 877 1694 898 1708; x_wconf 87' lang='lat'>,‚</span> <span class='ocrx_word' id='word_1_311' title='bbox 915 1678 991 1703; x_wconf 89' lang='lat' dir='ltr'>Nous</span> <span class='ocrx_word' id='word_1_312' title='bbox 1014 1685 1151 1710; x_wconf 76' lang='lat' dir='ltr'>appot-tons</span> <span class='ocrx_word' id='word_1_313' title='bbox 1180 1686 1237 1704; x_wconf 83' lang='lat' dir='ltr'>tous</span> <span class='ocrx_word' id='word_1_314' title='bbox 1266 1687 1296 1705; x_wconf 83' lang='lat' dir='ltr'>en</span> <span class='ocrx_word' id='word_1_315' title='bbox 1325 1682 1428 1706; x_wconf 77' lang='lat' dir='ltr'>nnissant</span> <span class='ocrx_word' id='word_1_316' title='bbox 1448 1682 1468 1705; x_wconf 83' lang='lat' dir='ltr'>la</span> <span class='ocrx_word' id='word_1_317' title='bbox 1493 1683 1618 1714; x_wconf 76' lang='lat' dir='ltr'>premiere</span> 
     </span>
     <span class='ocr_line' id='line_1_30' title="bbox 92 1721 1614 1763; baseline 0.008 -18"><span class='ocrx_word' id='word_1_318' title='bbox 92 1721 208 1746; x_wconf 84' lang='lat' dir='ltr'>etincelle</span> <span class='ocrx_word' id='word_1_319' title='bbox 234 1721 265 1746; x_wconf 88' lang='lat' dir='ltr'>de</span> <span class='ocrx_word' id='word_1_320' title='bbox 285 1729 316 1747; x_wconf 87' lang='lat' dir='ltr'>cc</span> <span class='ocrx_word' id='word_1_321' title='bbox 334 1723 398 1748; x_wconf 88' lang='lat' dir='ltr'>beau</span> <span class='ocrx_word' id='word_1_322' title='bbox 419 1723 461 1749; x_wconf 85' lang='lat' dir='ltr'>seu</span> <span class='ocrx_word' id='word_1_323' title='bbox 473 1743 481 1755; x_wconf 88' lang='lat'><em>‚</em></span> <span class='ocrx_word' id='word_1_324' title='bbox 505 1726 565 1750; x_wconf 84' lang='lat' dir='ltr'>mais</span> <span class='ocrx_word' id='word_1_325' title='bbox 583 1725 601 1750; x_wconf 89' lang='lat' dir='ltr'>il</span> <span class='ocrx_word' id='word_1_326' title='bbox 625 1732 684 1758; x_wconf 84' lang='lat' dir='ltr'>pent</span> <span class='ocrx_word' id='word_1_327' title='bbox 702 1725 838 1751; x_wconf 64' lang='lat' dir='ltr'>s‘dtcindre</span> <span class='ocrx_word' id='word_1_328' title='bbox 859 1725 931 1752; x_wconf 82' lang='lat' dir='ltr'>faute</span> <span class='ocrx_word' id='word_1_329' title='bbox 950 1727 1096 1759; x_wconf 76' lang='lat' dir='ltr'>d&#39;alimens3</span> <span class='ocrx_word' id='word_1_330' title='bbox 1115 1736 1178 1754; x_wconf 85' lang='lat' dir='ltr'>nous</span> <span class='ocrx_word' id='word_1_331' title='bbox 1196 1729 1291 1754; x_wconf 83' lang='lat' dir='ltr'>devons</span> <span class='ocrx_word' id='word_1_332' title='bbox 1315 1730 1337 1754; x_wconf 78' lang='lat' dir='ltr'>le</span> <span class='ocrx_word' id='word_1_333' title='bbox 1353 1730 1513 1763; x_wconf 65' lang='lat' dir='ltr'>developper</span> <span class='ocrx_word' id='word_1_334' title='bbox 1532 1738 1556 1756; x_wconf 86' lang='lat' dir='ltr'>et</span> <span class='ocrx_word' id='word_1_335' title='bbox 1575 1732 1614 1757; x_wconf 79' lang='lat' dir='ltr'>di-</span> 
     </span>
     <span class='ocr_line' id='line_1_31' title="bbox 90 1766 1614 1806; baseline 0.008 -15"><span class='ocrx_word' id='word_1_336' title='bbox 90 1766 157 1799; x_wconf 81' lang='lat' dir='ltr'>riger</span> <span class='ocrx_word' id='word_1_337' title='bbox 178 1775 224 1793; x_wconf 87' lang='lat' dir='ltr'>son</span> <span class='ocrx_word' id='word_1_338' title='bbox 242 1769 346 1794; x_wconf 67' lang='lat' dir='ltr'>activite</span> <span class='ocrx_word' id='word_1_339' title='bbox 370 1770 533 1798; x_wconf 86' lang='lat' dir='ltr'>bienfaisante</span> <span class='ocrx_word' id='word_1_340' title='bbox 556 1780 598 1798; x_wconf 79' lang='lat' dir='ltr'>sur</span> <span class='ocrx_word' id='word_1_341' title='bbox 623 1773 667 1799; x_wconf 74' lang='lat' dir='ltr'>des</span> <span class='ocrx_word' id='word_1_342' title='bbox 694 1773 776 1806; x_wconf 74' lang='lat' dir='ltr'>obJets</span> <span class='ocrx_word' id='word_1_343' title='bbox 800 1770 889 1806; x_wconf 75' lang='lat' dir='ltr'>dignes</span> <span class='ocrx_word' id='word_1_344' title='bbox 914 1773 948 1799; x_wconf 85' lang='lat' dir='ltr'>de</span> <span class='ocrx_word' id='word_1_345' title='bbox 970 1774 1017 1801; x_wconf 88' lang='lat' dir='ltr'>lui.</span> <span class='ocrx_word' id='word_1_346' title='bbox 1059 1775 1175 1800; x_wconf 72' lang='lat' dir='ltr'>Souvenc</span> <span class='ocrx_word' id='word_1_347' title='bbox 1197 1782 1261 1801; x_wconf 82' lang='lat' dir='ltr'>nous</span> <span class='ocrx_word' id='word_1_348' title='bbox 1290 1776 1440 1802; x_wconf 77' lang='lat' dir='ltr'>denaturons</span> <span class='ocrx_word' id='word_1_349' title='bbox 1463 1785 1533 1803; x_wconf 79' lang='lat' dir='ltr'>notre</span> <span class='ocrx_word' id='word_1_350' title='bbox 1557 1785 1614 1803; x_wconf 81' lang='lat' dir='ltr'>seu-</span> 
     </span>
     <span class='ocr_line' id='line_1_32' title="bbox 90 1813 1612 1860; baseline 0.009 -21"><span class='ocrx_word' id='word_1_351' title='bbox 90 1813 206 1844; x_wconf 73' lang='lat' dir='ltr'>sibilitc,</span> <span class='ocrx_word' id='word_1_352' title='bbox 231 1821 261 1839; x_wconf 84' lang='lat' dir='ltr'>cn</span> <span class='ocrx_word' id='word_1_353' title='bbox 283 1815 391 1843; x_wconf 83' lang='lat' dir='ltr'>donnant</span> <span class='ocrx_word' id='word_1_354' title='bbox 414 1825 485 1844; x_wconf 85' lang='lat' dir='ltr'>notre</span> <span class='ocrx_word' id='word_1_355' title='bbox 514 1824 592 1846; x_wconf 82' lang='lat' dir='ltr'>coeur</span> <span class='ocrx_word' id='word_1_356' title='bbox 618 1821 632 1845; x_wconf 74' lang='lat' dir='ltr'>a</span> <span class='ocrx_word' id='word_1_357' title='bbox 654 1819 697 1846; x_wconf 82' lang='lat' dir='ltr'>des</span> <span class='ocrx_word' id='word_1_358' title='bbox 723 1820 806 1854; x_wconf 84' lang='lat' dir='ltr'>objets</span> <span class='ocrx_word' id='word_1_359' title='bbox 827 1824 943 1856; x_wconf 68' lang='lat' dir='ltr'>puer-iis,</span> <span class='ocrx_word' id='word_1_360' title='bbox 967 1831 1032 1849; x_wconf 76' lang='lat' dir='ltr'>nous</span> <span class='ocrx_word' id='word_1_361' title='bbox 1055 1825 1079 1850; x_wconf 86' lang='lat' dir='ltr'>la</span> <span class='ocrx_word' id='word_1_362' title='bbox 1104 1825 1260 1857; x_wconf 84' lang='lat' dir='ltr'>prostituons</span> <span class='ocrx_word' id='word_1_363' title='bbox 1286 1828 1299 1851; x_wconf 65' lang='grc' dir='ltr'><strong>ἡ</strong></span> <span class='ocrx_word' id='word_1_364' title='bbox 1321 1826 1363 1852; x_wconf 75' lang='lat' dir='ltr'>des</span> <span class='ocrx_word' id='word_1_365' title='bbox 1389 1827 1478 1852; x_wconf 82' lang='lat' dir='ltr'>choses</span> <span class='ocrx_word' id='word_1_366' title='bbox 1507 1827 1538 1853; x_wconf 87' lang='lat' dir='ltr'>de</span> <span class='ocrx_word' id='word_1_367' title='bbox 1562 1835 1612 1860; x_wconf 70' lang='lat' dir='ltr'>pen</span> 
     </span>
     <span class='ocr_line' id='line_1_33' title="bbox 86 1858 1611 1906; baseline 0.01 -22"><span class='ocrx_word' id='word_1_368' title='bbox 86 1858 289 1892; x_wconf 76' lang='lat' dir='ltr'>d&#39;importance,</span> <span class='ocrx_word' id='word_1_369' title='bbox 308 1864 350 1895; x_wconf 87' lang='lat' dir='ltr'>qui</span> <span class='ocrx_word' id='word_1_370' title='bbox 369 1871 400 1889; x_wconf 88' lang='lat' dir='ltr'>ne</span> <span class='ocrx_word' id='word_1_371' title='bbox 417 1867 536 1892; x_wconf 80' lang='lat' dir='ltr'>sauraient</span> <span class='ocrx_word' id='word_1_372' title='bbox 554 1869 656 1900; x_wconf 87' lang='lat' dir='ltr'>rempIir</span> <span class='ocrx_word' id='word_1_373' title='bbox 676 1869 697 1893; x_wconf 88' lang='lat' dir='ltr'>la</span> <span class='ocrx_word' id='word_1_374' title='bbox 716 1870 831 1902; x_wconf 68' lang='lat' dir='ltr'>capacite:</span> <span class='ocrx_word' id='word_1_375' title='bbox 852 1870 884 1896; x_wconf 86' lang='lat' dir='ltr'>de</span> <span class='ocrx_word' id='word_1_376' title='bbox 902 1876 975 1896; x_wconf 89' lang='lat' dir='ltr'>notre</span> <span class='ocrx_word' id='word_1_377' title='bbox 997 1878 1071 1902; x_wconf 85' lang='lat' dir='ltr'>ame,</span> <span class='ocrx_word' id='word_1_378' title='bbox 1092 1872 1105 1896; x_wconf 70' lang='grc' dir='ltr'>ὲ</span> <span class='ocrx_word' id='word_1_379' title='bbox 1128 1871 1172 1896; x_wconf 80' lang='lat' dir='ltr'>des</span> <span class='ocrx_word' id='word_1_380' title='bbox 1196 1873 1270 1897; x_wconf 82' lang='lat' dir='ltr'>biens</span> <span class='ocrx_word' id='word_1_381' title='bbox 1289 1872 1397 1899; x_wconf 56' lang='lat' dir='ltr'>frit-oles</span> <span class='ocrx_word' id='word_1_382' title='bbox 1416 1878 1439 1898; x_wconf 77' lang='lat' dir='ltr'>et</span> <span class='ocrx_word' id='word_1_383' title='bbox 1463 1874 1611 1906; x_wconf 66' lang='lat' dir='ltr'>perissabies</span> 
     </span>
     <span class='ocr_line' id='line_1_34' title="bbox 87 1905 1608 1951; baseline 0.009 -21"><span class='ocrx_word' id='word_1_384' title='bbox 87 1905 167 1937; x_wconf 87' lang='lat' dir='ltr'>qu&#39;un</span> <span class='ocrx_word' id='word_1_385' title='bbox 186 1914 296 1934; x_wconf 76' lang='lat' dir='ltr'>moment</span> <span class='ocrx_word' id='word_1_386' title='bbox 321 1916 382 1941; x_wconf 88' lang='lat' dir='ltr'>peut</span> <span class='ocrx_word' id='word_1_387' title='bbox 406 1918 469 1937; x_wconf 81' lang='lat' dir='ltr'>nous</span> <span class='ocrx_word' id='word_1_388' title='bbox 490 1914 593 1939; x_wconf 82' lang='lat' dir='ltr'>eniever</span> <span class='ocrx_word' id='word_1_389' title='bbox 615 1921 638 1940; x_wconf 86' lang='lat' dir='ltr'>et</span> <span class='ocrx_word' id='word_1_390' title='bbox 658 1915 702 1947; x_wconf 84' lang='lat' dir='ltr'>qui</span> <span class='ocrx_word' id='word_1_391' title='bbox 725 1923 795 1947; x_wconf 87' lang='lat' dir='ltr'>pour</span> <span class='ocrx_word' id='word_1_392' title='bbox 814 1917 871 1949; x_wconf 84' lang='lat' dir='ltr'>prix</span> <span class='ocrx_word' id='word_1_393' title='bbox 888 1916 922 1942; x_wconf 81' lang='lat' dir='ltr'>de</span> <span class='ocrx_word' id='word_1_394' title='bbox 937 1924 1009 1943; x_wconf 89' lang='lat' dir='ltr'>notre</span> <span class='ocrx_word' id='word_1_395' title='bbox 1033 1918 1203 1943; x_wconf 83' lang='lat' dir='ltr'>attachemcnt</span> <span class='ocrx_word' id='word_1_396' title='bbox 1233 1926 1263 1943; x_wconf 90' lang='lat' dir='ltr'>ne</span> <span class='ocrx_word' id='word_1_397' title='bbox 1288 1926 1350 1944; x_wconf 73' lang='lat' dir='ltr'>nous</span> <span class='ocrx_word' id='word_1_398' title='bbox 1373 1920 1472 1944; x_wconf 66' lang='lat' dir='ltr'>laiss-ont</span> <span class='ocrx_word' id='word_1_399' title='bbox 1495 1927 1546 1951; x_wconf 81' lang='lat' dir='ltr'>qne</span> <span class='ocrx_word' id='word_1_400' title='bbox 1564 1920 1608 1945; x_wconf 75' lang='lat' dir='ltr'>des</span> 
     </span>
     <span class='ocr_line' id='line_1_35' title="bbox 85 1954 1610 1997; baseline 0.009 -20"><span class='ocrx_word' id='word_1_401' title='bbox 85 1958 188 1984; x_wconf 76' lang='lat' dir='ltr'>regrets.</span> <span class='ocrx_word' id='word_1_402' title='bbox 224 1954 271 1980; x_wconf 85' lang='lat' dir='ltr'>Tei</span> <span class='ocrx_word' id='word_1_403' title='bbox 287 1956 403 1983; x_wconf 77' lang='lat' dir='ltr'>s&#39;extasie</span> <span class='ocrx_word' id='word_1_404' title='bbox 421 1965 462 1984; x_wconf 87' lang='lat' dir='ltr'>sur</span> <span class='ocrx_word' id='word_1_405' title='bbox 480 1967 528 1985; x_wconf 86' lang='lat' dir='ltr'>une</span> <span class='ocrx_word' id='word_1_406' title='bbox 541 1961 627 1986; x_wconf 81' lang='lat' dir='ltr'>feuiHe</span> <span class='ocrx_word' id='word_1_407' title='bbox 651 1969 684 1987; x_wconf 85' lang='lat' dir='ltr'>ou</span> <span class='ocrx_word' id='word_1_408' title='bbox 705 1970 746 1988; x_wconf 84' lang='lat' dir='ltr'>sm·</span> <span class='ocrx_word' id='word_1_409' title='bbox 770 1971 804 1988; x_wconf 89' lang='lat' dir='ltr'>un</span> <span class='ocrx_word' id='word_1_410' title='bbox 823 1965 937 1994; x_wconf 78' lang='lat' dir='ltr'>insecoe,</span> <span class='ocrx_word' id='word_1_411' title='bbox 955 1971 1006 1996; x_wconf 88' lang='lat' dir='ltr'>que</span> <span class='ocrx_word' id='word_1_412' title='bbox 1024 1964 1061 1990; x_wconf 81' lang='lat' dir='ltr'>les</span> <span class='ocrx_word' id='word_1_413' title='bbox 1081 1954 1169 1997; x_wconf 71' lang='lat' dir='ltr'>grands</span> <span class='ocrx_word' id='word_1_414' title='bbox 1187 1965 1303 1991; x_wconf 65' lang='lat' dir='ltr'>tabieaux</span> <span class='ocrx_word' id='word_1_415' title='bbox 1326 1964 1360 1990; x_wconf 75' lang='lat' dir='ltr'>de</span> <span class='ocrx_word' id='word_1_416' title='bbox 1383 1966 1406 1990; x_wconf 77' lang='lat' dir='ltr'>la</span> <span class='ocrx_word' id='word_1_417' title='bbox 1430 1972 1514 1992; x_wconf 81' lang='lat' dir='ltr'>nature</span> <span class='ocrx_word' id='word_1_418' title='bbox 1531 1972 1558 1990; x_wconf 78' lang='lat' dir='ltr'>er</span> <span class='ocrx_word' id='word_1_419' title='bbox 1571 1965 1610 1990; x_wconf 63' lang='lat' dir='ltr'>ies</span> 
     </span>
     <span class='ocr_line' id='line_1_36' title="bbox 84 2000 1014 2039; baseline 0.015 -15"><span class='ocrx_word' id='word_1_420' title='bbox 84 2000 174 2026; x_wconf 74' lang='lat' dir='ltr'>acenes</span> <span class='ocrx_word' id='word_1_421' title='bbox 187 2001 360 2030; x_wconf 69' lang='lat' dir='ltr'>interessantes</span> <span class='ocrx_word' id='word_1_422' title='bbox 373 2004 404 2030; x_wconf 90' lang='lat' dir='ltr'>de</span> <span class='ocrx_word' id='word_1_423' title='bbox 419 2006 441 2031; x_wconf 80' lang='lat' dir='ltr'>la</span> <span class='ocrx_word' id='word_1_424' title='bbox 454 2007 554 2034; x_wconf 71' lang='lat' dir='ltr'>socictc</span> <span class='ocrx_word' id='word_1_425' title='bbox 575 2014 692 2036; x_wconf 84' lang='lat' dir='ltr'>trouvent</span> <span class='ocrx_word' id='word_1_426' title='bbox 707 2009 774 2037; x_wconf 77' lang='lat' dir='ltr'>froid</span> <span class='ocrx_word' id='word_1_427' title='bbox 793 2016 818 2037; x_wconf 82' lang='lat' dir='ltr'>et</span> <span class='ocrx_word' id='word_1_428' title='bbox 836 2009 1014 2039; x_wconf 54' lang='lat' dir='ltr'>indifferentx&#39;</span> 
     </span>
    </p>
   </div>
   <div class='ocr_carea' id='block_1_5' title="bbox 848 2058 906 2094">
    <p class='ocr_par' dir='ltr' id='par_1_8' title="bbox 848 2058 906 2094">
     <span class='ocr_line' id='line_1_37' title="bbox 848 2058 906 2094; baseline 0 0"><span class='ocrx_word' id='word_1_429' title='bbox 848 2058 906 2094; x_wconf 66' lang='lat'>1²3</span> 
     </span>
    </p>
   </div>
  </div>
 </body>
</html>
