1946 2517
250 186 288 225 0'8
596 177 716 215 JA‘NI
747 168 1029 203 ·RUDOLPHl
1071 177 1140 198 vAN
1181 167 1407 199 MAANEN

252 268 365 298 diversa
383 264 514 294 oriantur
533 263 724 299 symptomata
741 261 858 284 necesse
875 258 941 288 est3
965 259 1057 286 quae,
1079 251 1103 279 si
1121 251 1272 281 derivanda
1289 250 1348 280 sint
1373 259 1388 279 a
1408 250 1545 279 morboso
1571 255 1648 280 statu
1673 251 1761 288 hepa-

256 322 314 355 tis,
336 320 474 347 ductuum
494 314 693 345 biliferorum,
716 306 840 338 duodeni
859 311 908 334 aut
925 303 1019 333 totius
1036 302 1280 338 organisationis,
1302 303 1348 330 vel
1365 302 1519 331 universali
1539 303 1671 338 organica
1686 303 1764 331 debi-
1794 329 1800 333 ,

257 372 360 405 ljtate,
380 369 425 398 vel
453 366 551 395 vitiata
578 360 727 399 sanguinis
741 357 884 391 diathesi,
907 356 952 384 vel
971 354 1058 382 nimia
1082 362 1237 382 succorum
1263 353 1292 382 in
1320 353 1420 389 hepate
1449 353 1700 389 accumulatione,
1720 355 1767 384 vel

261 419 485 451 inflammatione
502 423 577 445 caet.
588 434 599 450 ,
621 414 649 442 in
677 418 777 448 genere
802 408 989 441 consistunt,
1013 406 1042 434 in
1068 405 1240 435 universalis
1265 405 1442 439 debilitatis,
1464 404 1612 441 sanguinis
1639 404 1768 434 defectus

261 481 290 503 et
312 477 465 502 succorum
486 463 725 496 accumulationis
745 457 1013 498 symptomatibus‚
1035 456 1077 484 uti
1102 462 1172 484 sunt
1191 456 1388 484 indurationes
1407 462 1434 483 et
1451 456 1640 486 ulcerationes
1660 457 1688 484 iii
1706 459 1774 485 dex-

263 532 309 554 tro
327 518 571 559 hypochondrio,
593 512 811 551 respirationis,
831 507 1024 546 digestionis,
1044 507 1261 536 assimilationis
1286 506 1487 542 alterationes,
1515 515 1609 536 earum
1637 508 1771 543 sequelae

263 582 315 603 nec
335 580 394 601 non
410 568 648 599 inflammationes
668 571 741 593 caet.

303 624 462 659 sequentes
479 618 698 649 observationes
716 623 732 643 a
754 614 854 644 Farre
880 618 1050 643 memoratae
1076 619 1165 649 supra
1188 611 1265 641 dicta
1292 610 1452 640 luculenter
1477 610 1549 640 mihi
1573 610 1703 641 evincere
1729 611 1775 640 vi-

266 676 381 705 dentur.
865 668 869 669 ⁷

306 725 451 755 Dominus
473 724 526 753 W.
548 723 706 757 languore,
727 717 872 754 appetitus
897 716 1035 752 defectu,
1055 716 1156 744 dolore
1181 714 1388 743 molestissimo
1408 714 1438 743 in
1463 713 1686 751 liypocbondrio
1711 714 1778 742 dex-

273 785 317 808 tro
331 799 342 814 ,
363 777 551 813 respiratione
571 772 679 803 difficili
697 777 724 800 et
747 769 822 800 tussi
844 767 1166 806 cumbexpectoratione
1188 774 1321 794 mucosae
1344 765 1469 794 viscidae
1490 765 1620 793 materiae
1643 764 1780 800 corripie-

269 831 372 864 batiir;
394 829 432 856 ob
459 828 526 855 haec
553 826 664 860 aliaque
692 830 763 859 quae
791 820 940 849 adfuerant
963 820 1071 848 leviora
1095 824 1288 855 symptomata
1318 817 1433 845 affectio
1459 818 1589 853 hepatica
1613 817 1782 851 suspicaba-

271 887 339 909 tur:
372 878 475 907 debitis
500 875 739 905 evacuationibiis
763 871 962 909 praegressis,
993 870 1105 898 laudata
1133 869 1254 905 hydrarg
1257 869 1334 905 yrica
1365 875 1528 904 praeparata
1554 868 1782 905 propinabantur

274 932 383 966 absque
401 936 494 958 tamen
514 927 593 956 felici
612 933 771 960 successu;
793 929 987 959 symptomata
1007 923 1081 950 enim
1103 921 1301 957 augebantur,
1323 921 1449 949 diarrhea
1467 921 1605 950 continua
1629 929 1696 950 cum
1718 921 1784 957 pul-

273 991 308 1012 su
326 982 435 1016 debili,
456 980 547 1008 tussis
563 978 697 1014 frequens
712 997 723 1012 ,
743 976 890 1012 dyspnoea
904 993 915 1008 ‚
936 974 1051 1001 oedema
1072 973 1174 1008 pedum
1191 993 1201 1008 ,
1224 973 1323 1008 lingua
1349 972 1442 1007 flava,
1464 972 1608 1008 aphtliae,
1630 972 1779 1009 singultus

274 1041 415 1062 summum
436 1031 593 1067 periculum
614 1027 787 1061 indicantia,
809 1033 926 1054 mortem
946 1025 1116 1054 attulerunt.

313 1086 424 1121 Aperto
449 1081 620 1115 abdomine,
642 1080 730 1114 liepai·
754 1076 1037 1114 pseudomembranis
1063 1075 1168 1103 vicinis
1197 1075 1328 1111 partibus
1354 1079 1540 1109 concretum,
1569 1073 1718 1102 volumine
1744 1074 1788 1103 in-

279 1137 400 1173 signiter
427 1134 577 1162 adauctum
606 1130 827 1164 inveniebatur,
859 1129 900 1156 ita
926 1133 956 1156 ut
987 1128 1114 1156 thoracis
1138 1127 1282 1163 capacitas
1309 1127 1410 1154 exinde
1436 1126 1587 1154 imminuta
1613 1124 1711 1154 fuerit.
1754 1124 1790 1154 In

276 1187 340 1224 ejus
359 1185 545 1218 substantia,
567 1182 655 1211 solito
674 1179 842 1217 pallidiori,
863 1179 1003 1213 flaccida,
1026 1184 1053 1206 et
1078 1178 1135 1206 levi
1165 1177 1247 1214 digiti
1273 1177 1422 1213 pressione
1444 1176 1641 1211 dilaceranda,
1662 1177 1786 1212 plurima

271 1242 472 1273 rapparuerunt
500 1234 650 1263 tubercula
680 1233 912 1266 circumscripta.
965 1230 1101 1258 Vesicula
1134 1228 1208 1257 filiis
1240 1236 1353 1263 parvam
1390 1229 1576 1263 quantitatem
1605 1224 1787 1256 coloratioris

279 1289 348 1316 bilis
371 1296 422 1316 nec
453 1295 513 1316 noii
534 1294 564 1314 v.
587 1285 715 1314 calculos
739 1283 867 1312 biliarios
893 1283 1072 1311 continebat.
1115 1280 1164 1309 Cf.
1188 1280 1307 1315 Fui-‚re
1327 1279 1415 1308 Fasc.
1434 1278 1456 1308 1.
1479 1278 1543 1308 Obs.
1562 1279 1586 1309 1.
1609 1284 1636 1307 et
1663 1279 1790 1345 ejusdem

283 1340 368 1369 Jfflasc
393 1339 456 1367 Obs.
476 1338 514 1367 Π.
547 1345 618 1372 quae
634 1344 700 1364 ciim
724 1334 900 1371 praecedenti
921 1334 951 1362 in
971 1334 1071 1362 multis
1091 1332 1240 1360 mnvenir.

273 1416 275 1420 .
318 1391 455 1419 Foeuiiiia
475 1388 580 1417 mediae
599 1394 722 1421 aetatis,
743 1386 777 1414 de
801 1392 928 1421 tempore
949 1385 977 1412 in
1001 1391 1114 1419 tempus
1141 1383 1289 1410 doloribus
1316 1381 1622 1418 hypochondriorum‚
1642 1378 1790 1416 dyspnoea

284 1450 312 1470 et
332 1440 545 1475 constipatione
561 1437 693 1465 afficitur.
735 1435 804 1463 Post
822 1435 933 1469 aliquot
950 1441 1064 1469 tempus
1083 1433 1192 1466 hepatis
1220 1433 1425 1457 incrementum
1453 1432 1574 1465 ejusque
1595 1430 1734 1456 morbose
1753 1423 1794 1456 αἱ·

285 1492 386 1520 teratio
414 1498 525 1519 exierna
557 1489 756 1525 exploratione
793 1487 929 1514 distincte
965 1483 1188 1520 percipiebatur.
1239 1480 1402 1516 izespiratio
1426 1479 1571 1515 difficilis,
1597 1485 1699 1515 torpor
1721 1487 1794 1508 trac-

286 1549 336 1571 tus
357 1541 550 1576 intestiiialis‚
571 1539 723 1573 vomitus,
745 1537 925 1574 dy‹pepsia,
952 1536 1067 1564 dolores
1092 1535 1230 1563 variarum
1259 1533 1402 1569 partium,
1427 1532 1537 1560 turbata
1562 1531 1675 1560 functio
1698 1539 1797 1560 sextia-

286 1593 343 1628 lis,
366 1592 456 1621 setosi
476 1592 605 1620 iiumoris
625 1590 819 1619 accumulatio
837 1589 866 1616 in
896 1588 1064 1623 peritoneo,
1086 1587 1200 1615 oedema
1224 1586 1347 1620 pedum,
1370 1583 1464 1612 alvina
1490 1582 1635 1618 depositio
1658 1582 1800 1611 incolora-

288 1650 337 1678 ια,
359 1644 491 1672 cachexia
512 1642 672 1679 generalis,
694 1641 860 1675 reliquaque
877 1645 1090 1677 symptomata,
1111 1645 1176 1666 cum
1202 1645 1231 1665 se
1256 1637 1379 1664 invicem
1403 1634 1510 1663 sensim
1536 1634 1702 1669 sensimque
1726 1634 1800 1662 inse-

278 1703 357 1723 -cuta
385 1702 502 1729 essent,
523 1701 637 1722 mortua
664 1699 708 1721 est
732 1699 855 1728 aegrota.
896 1690 1035 1719 Emaciati
1063 1688 1195 1725 corporis
1220 1694 1349 1716 sectione
1375 1685 1529 1720 instituta,
1558 1685 1710 1713 admodum
1732 1693 1801 1714 evo-

292 1746 390 1775 lutum,
409 1745 600 1781 reperiebatur
625 1745 734 1780 hepar-2,
756 1742 916 1772 tuberculis
945 1741 1081 1776 diffusis,
1102 1741 1333 1776 irregularibus,
1364 1743 1523 1766 structurae
1550 1736 1723 1770 cel-iiiiosae,
1753 1743 1802 1772 pe-

295 1796 393 1825 culiari
429 1798 542 1825 materie
575 1797 690 1833 repletis
724 1795 890 1823 obsessum.
941 1794 1073 1822 &vesicula
1113 1792 1151 1821 fel
1165 1793 1189 1820 is
1227 1796 1376 1820 contracta
1411 1787 1645 1816 concretionibus
1678 1788 1802 1825 replem3

295 1848 398 1876 ductus
418 1849 545 1884 cysticus
563 1846 774 1883 imperforatus.
815 1846 867 1875 Cf.
890 1845 1009 1881 Farre,
1034 1845 1116 1875 Fasc.
1134 1845 1169 1874 ΙΙ.
1195 1844 1261 1873 Obs.
1284 1845 1321 1871 V.

334 1899 432 1928 Homo
457 1899 521 1929 XL.
542 1908 704 1934 annorum,
729 1898 952 1935 spirituosoruin
981 1897 1085 1924 abusui
1108 1903 1259 1930 assuetus,
1280 1892 1448 1930 dyspepsiae
1474 1889 1716 1927 symptomatibiis
1739 1898 1803 1920 cor-

298 1951 475 1987 ripiebaturg
497 1951 580 1980 dolor
598 1953 692 1980 aderat
716 1949 876 1978 abdominis
903 1955 929 1976 et
948 1948 1256 1985 bypocliondriorum,
1278 1952 1368 1974 noctu
1395 1951 1527 1972 somnum
1555 1942 1732 1978 impediens:
1759 1941 1809 1969 ad-

297 2002 457 2032 ministrata
479 2003 600 2032 remedia
629 2005 755 2032 levamen
782 2009 841 2031 non
866 1999 1056 2036 adferebant,
1084 2000 1236 2034 debilitas,
1266 1996 1418 2034 appetitus
1447 1995 1569 2031 nullus,
1596 1993 1720 2022 anxietas
1737 1999 1807 2027 post

1732 2051 1810 2071 §um-
