<?xml version="1.0" encoding="UTF-8"?>
<!DOCTYPE html PUBLIC "-//W3C//DTD XHTML 1.0 Transitional//EN"
    "http://www.w3.org/TR/xhtml1/DTD/xhtml1-transitional.dtd">
<html xmlns="http://www.w3.org/1999/xhtml" xml:lang="en" lang="en">
 <head>
  <title>
</title>
<meta http-equiv="Content-Type" content="text/html;charset=utf-8" />
  <meta name='ocr-system' content='tesseract 3.04.00' />
  <meta name='ocr-capabilities' content='ocr_page ocr_carea ocr_par ocr_line ocrx_word'/>
</head>
<body>
  <div class='ocr_page' id='page_1' title='image "annalesacademiae21rijk_0365.png"; bbox 0 0 1946 2517; ppageno 0'>
   <div class='ocr_carea' id='block_1_1' title="bbox 279 146 1567 194">
    <p class='ocr_par' dir='ltr' id='par_1_1' title="bbox 279 146 1567 194">
     <span class='ocr_line' id='line_1_1' title="bbox 279 146 1567 194; baseline -0.005 -6"><span class='ocrx_word' id='word_1_1' title='bbox 279 156 598 188; x_wconf 77' lang='lat' dir='ltr'><strong>COMMENTATIO</strong></span> <span class='ocrx_word' id='word_1_2' title='bbox 618 165 660 186; x_wconf 78' lang='lat' dir='ltr'>AD</span> <span class='ocrx_word' id='word_1_3' title='bbox 681 153 982 194; x_wconf 82' lang='lat' dir='ltr'><strong>QUAESTIONEM</strong></span> <span class='ocrx_word' id='word_1_4' title='bbox 1002 146 1342 184; x_wconf 72' lang='lat' dir='ltr'><strong>PH‘ILOSOPHICAM.</strong></span> <span class='ocrx_word' id='word_1_5' title='bbox 1529 164 1567 191; x_wconf 89' lang='lat'>49</span> 
     </span>
    </p>
   </div>
   <div class='ocr_carea' id='block_1_2' title="bbox 56 235 1582 1491">
    <p class='ocr_par' dir='ltr' id='par_1_2' title="bbox 61 235 1572 429">
     <span class='ocr_line' id='line_1_2' title="bbox 65 235 1569 278; baseline -0.005 -8"><span class='ocrx_word' id='word_1_6' title='bbox 65 239 260 278; x_wconf 72' lang='lat' dir='ltr'>perfectiones</span> <span class='ocrx_word' id='word_1_7' title='bbox 289 239 408 269; x_wconf 86' lang='lat' dir='ltr'>Divinas</span> <span class='ocrx_word' id='word_1_8' title='bbox 434 247 570 277; x_wconf 84' lang='lat' dir='ltr'>superat,</span> <span class='ocrx_word' id='word_1_9' title='bbox 591 248 625 269; x_wconf 86' lang='lat' dir='ltr'>ex</span> <span class='ocrx_word' id='word_1_10' title='bbox 650 247 710 274; x_wconf 83' lang='lat' dir='ltr'>quo</span> <span class='ocrx_word' id='word_1_11' title='bbox 734 237 925 274; x_wconf 83' lang='lat' dir='ltr'>consequitur</span> <span class='ocrx_word' id='word_1_12' title='bbox 952 237 1095 267; x_wconf 86' lang='lat' dir='ltr'>caritatem</span> <span class='ocrx_word' id='word_1_13' title='bbox 1120 243 1148 265; x_wconf 90' lang='lat' dir='ltr'>et</span> <span class='ocrx_word' id='word_1_14' title='bbox 1168 244 1288 265; x_wconf 88' lang='lat' dir='ltr'>amorem</span> <span class='ocrx_word' id='word_1_15' title='bbox 1313 235 1384 271; x_wconf 86' lang='lat' dir='ltr'>Dei,</span> <span class='ocrx_word' id='word_1_16' title='bbox 1411 237 1569 264; x_wconf 64' lang='lat' dir='ltr'>maxltlla*&#39;1</span> 
     </span>
     <span class='ocr_line' id='line_1_3' title="bbox 63 289 1570 331; baseline -0.003 -11"><span class='ocrx_word' id='word_1_17' title='bbox 63 301 138 331; x_wconf 74' lang='lat' dir='ltr'>quac</span> <span class='ocrx_word' id='word_1_18' title='bbox 156 292 266 329; x_wconf 78' lang='lat' dir='ltr'><em>concipi</em></span> <span class='ocrx_word' id='word_1_19' title='bbox 286 297 395 329; x_wconf 73' lang='lat' dir='ltr'>queat,</span> <span class='ocrx_word' id='word_1_20' title='bbox 417 300 511 327; x_wconf 83' lang='lat' dir='ltr'>parere</span> <span class='ocrx_word' id='word_1_21' title='bbox 536 292 712 325; x_wconf 84' lang='lat' dir='ltr'>voluptatem</span> <span class='ocrx_word' id='word_1_22' title='bbox 739 291 815 327; x_wconf 88' lang='lat' dir='ltr'>apud</span> <span class='ocrx_word' id='word_1_23' title='bbox 842 299 892 319; x_wconf 90' lang='lat' dir='ltr'>eos</span> <span class='ocrx_word' id='word_1_24' title='bbox 919 298 1143 327; x_wconf 27' lang='lat' dir='ltr'>quorumrmens</span> <span class='ocrx_word' id='word_1_25' title='bbox 1166 290 1331 318; x_wconf 88' lang='lat' dir='ltr'>melioribus</span> <span class='ocrx_word' id='word_1_26' title='bbox 1357 289 1492 317; x_wconf 77' lang='lat' dir='ltr'>sensibus</span> <span class='ocrx_word' id='word_1_27' title='bbox 1519 290 1570 317; x_wconf 76' lang='lat' dir='ltr'>im—</span> 
     </span>
     <span class='ocr_line' id='line_1_4' title="bbox 61 339 1572 378; baseline -0.004 -5"><span class='ocrx_word' id='word_1_28' title='bbox 61 345 132 373; x_wconf 83' lang='lat' dir='ltr'>buta</span> <span class='ocrx_word' id='word_1_29' title='bbox 158 349 219 378; x_wconf 84' lang='lat' dir='ltr'>est;</span> <span class='ocrx_word' id='word_1_30' title='bbox 241 343 290 371; x_wconf 88' lang='lat' dir='ltr'>sed</span> <span class='ocrx_word' id='word_1_31' title='bbox 315 351 412 371; x_wconf 89' lang='lat' dir='ltr'>eorum</span> <span class='ocrx_word' id='word_1_32' title='bbox 443 342 528 370; x_wconf 87' lang='lat' dir='ltr'>nimis</span> <span class='ocrx_word' id='word_1_33' title='bbox 555 342 676 377; x_wconf 80' lang='lat' dir='ltr'>exiguus</span> <span class='ocrx_word' id='word_1_34' title='bbox 701 348 743 369; x_wconf 89' lang='lat' dir='ltr'>est</span> <span class='ocrx_word' id='word_1_35' title='bbox 770 350 927 377; x_wconf 81' lang='lat' dir='ltr'>numerus⁷</span> <span class='ocrx_word' id='word_1_36' title='bbox 959 341 1026 378; x_wconf 81' lang='lat' dir='ltr'>quia</span> <span class='ocrx_word' id='word_1_37' title='bbox 1054 341 1184 377; x_wconf 87' lang='lat' dir='ltr'>plerique</span> <span class='ocrx_word' id='word_1_38' title='bbox 1207 341 1329 378; x_wconf 78' lang='lat' dir='ltr'>objectis</span> <span class='ocrx_word' id='word_1_39' title='bbox 1357 339 1489 368; x_wconf 63' lang='lat' dir='ltr'>adfectus</span> <span class='ocrx_word' id='word_1_40' title='bbox 1521 342 1572 367; x_wconf 81' lang='lat' dir='ltr'>sti·</span> 
     </span>
     <span class='ocr_line' id='line_1_5' title="bbox 63 392 714 429; baseline -0.005 -6"><span class='ocrx_word' id='word_1_41' title='bbox 63 394 243 424; x_wconf 73' lang='lat' dir='ltr'>mutantibus</span> <span class='ocrx_word' id='word_1_42' title='bbox 267 401 449 429; x_wconf 84' lang='lat' dir='ltr'>occupantur</span> <span class='ocrx_word' id='word_1_43' title='bbox 470 400 498 422; x_wconf 87' lang='lat' dir='ltr'>et</span> <span class='ocrx_word' id='word_1_44' title='bbox 525 392 714 428; x_wconf 80' lang='lat' dir='ltr'>implentur.&#39;’</span> 
     </span>
    </p>

    <p class='ocr_par' dir='ltr' id='par_1_3' title="bbox 57 441 1574 526">
     <span class='ocr_line' id='line_1_6' title="bbox 99 441 1574 482; baseline -0.003 -9"><span class='ocrx_word' id='word_1_45' title='bbox 99 445 245 482; x_wconf 86' lang='lat' dir='ltr'><strong>Quoniam</strong></span> <span class='ocrx_word' id='word_1_46' title='bbox 267 443 451 472; x_wconf 85' lang='lat' dir='ltr'>Leibnitzius</span> <span class='ocrx_word' id='word_1_47' title='bbox 481 444 510 472; x_wconf 85' lang='lat' dir='ltr'>in</span> <span class='ocrx_word' id='word_1_48' title='bbox 534 443 724 473; x_wconf 81' lang='lat' dir='ltr'>Perfectionis</span> <span class='ocrx_word' id='word_1_49' title='bbox 752 444 861 472; x_wconf 89' lang='lat' dir='ltr'>Amore</span> <span class='ocrx_word' id='word_1_50' title='bbox 887 443 1062 472; x_wconf 83' lang='lat' dir='ltr'>Felicitatem</span> <span class='ocrx_word' id='word_1_51' title='bbox 1089 443 1265 479; x_wconf 86' lang='lat' dir='ltr'>constituit,</span> <span class='ocrx_word' id='word_1_52' title='bbox 1287 443 1359 471; x_wconf 87' lang='lat' dir='ltr'>hanc</span> <span class='ocrx_word' id='word_1_53' title='bbox 1388 450 1504 478; x_wconf 91' lang='lat' dir='ltr'>quoque</span> <span class='ocrx_word' id='word_1_54' title='bbox 1532 441 1574 470; x_wconf 91' lang='lat' dir='ltr'>fe-</span> 
     </span>
     <span class='ocr_line' id='line_1_7' title="bbox 57 495 509 526; baseline -0.002 -1"><span class='ocrx_word' id='word_1_55' title='bbox 57 497 176 526; x_wconf 89' lang='lat' dir='ltr'>licitatis</span> <span class='ocrx_word' id='word_1_56' title='bbox 197 496 391 524; x_wconf 83' lang='lat' dir='ltr'>definitionem</span> <span class='ocrx_word' id='word_1_57' title='bbox 412 495 509 524; x_wconf 76' lang='lat' dir='ltr'>dedit:</span> 
     </span>
    </p>

    <p class='ocr_par' dir='ltr' id='par_1_4' title="bbox 58 544 1578 838">
     <span class='ocr_line' id='line_1_8' title="bbox 99 544 1569 583; baseline -0.004 -6"><span class='ocrx_word' id='word_1_58' title='bbox 99 548 232 577; x_wconf 79' lang='lat' dir='ltr'>Felicitas</span> <span class='ocrx_word' id='word_1_59' title='bbox 256 555 314 575; x_wconf 89' lang='lat' dir='ltr'>non</span> <span class='ocrx_word' id='word_1_60' title='bbox 343 553 386 575; x_wconf 88' lang='lat' dir='ltr'>est</span> <span class='ocrx_word' id='word_1_61' title='bbox 411 546 538 582; x_wconf 84' lang='lat' dir='ltr'>perfecta</span> <span class='ocrx_word' id='word_1_62' title='bbox 563 545 705 575; x_wconf 85' lang='lat' dir='ltr'>bonorum</span> <span class='ocrx_word' id='word_1_63' title='bbox 731 547 907 583; x_wconf 79' lang='lat' dir='ltr'><strong>possessio,</strong></span> <span class='ocrx_word' id='word_1_64' title='bbox 939 546 990 574; x_wconf 90' lang='lat' dir='ltr'>sed</span> <span class='ocrx_word' id='word_1_65' title='bbox 1014 551 1129 574; x_wconf 84' lang='lat' dir='ltr'>constat</span> <span class='ocrx_word' id='word_1_66' title='bbox 1154 545 1184 573; x_wconf 88' lang='lat' dir='ltr'>in</span> <span class='ocrx_word' id='word_1_67' title='bbox 1209 544 1347 572; x_wconf 84' lang='lat' dir='ltr'>continua</span> <span class='ocrx_word' id='word_1_68' title='bbox 1366 546 1569 581; x_wconf 66' lang='lat' dir='ltr'>progressione</span> 
     </span>
     <span class='ocr_line' id='line_1_9' title="bbox 58 595 1574 635; baseline -0.003 -8"><span class='ocrx_word' id='word_1_69' title='bbox 58 600 92 628; x_wconf 85' lang='lat' dir='ltr'>ad</span> <span class='ocrx_word' id='word_1_70' title='bbox 116 599 170 627; x_wconf 87' lang='lat' dir='ltr'>alia</span> <span class='ocrx_word' id='word_1_71' title='bbox 199 599 362 635; x_wconf 76' lang='lat' dir='ltr'>majoraque</span> <span class='ocrx_word' id='word_1_72' title='bbox 387 598 460 625; x_wconf 90' lang='lat' dir='ltr'>bona</span> <span class='ocrx_word' id='word_1_73' title='bbox 481 597 559 634; x_wconf 87' lang='lat'>(1).</span> <span class='ocrx_word' id='word_1_74' title='bbox 609 597 665 626; x_wconf 82' lang='lat' dir='ltr'>Est</span> <span class='ocrx_word' id='word_1_75' title='bbox 693 598 781 634; x_wconf 81' lang='lat' dir='ltr'>igitur</span> <span class='ocrx_word' id='word_1_76' title='bbox 807 596 932 626; x_wconf 78' lang='lat' dir='ltr'><strong>felicitas</strong></span> <span class='ocrx_word' id='word_1_77' title='bbox 965 596 1048 632; x_wconf 83' lang='lat' dir='ltr'>quasi</span> <span class='ocrx_word' id='word_1_78' title='bbox 1077 596 1120 624; x_wconf 88' lang='lat' dir='ltr'>via</span> <span class='ocrx_word' id='word_1_79' title='bbox 1146 604 1196 631; x_wconf 86' lang='lat' dir='ltr'>per</span> <span class='ocrx_word' id='word_1_80' title='bbox 1222 596 1387 630; x_wconf 90' lang='lat' dir='ltr'>voluptates</span> <span class='ocrx_word' id='word_1_81' title='bbox 1410 595 1498 631; x_wconf 75' lang='lat'>(2):</span> <span class='ocrx_word' id='word_1_82' title='bbox 1522 603 1574 623; x_wconf 82' lang='lat' dir='ltr'>vo·</span> 
     </span>
     <span class='ocr_line' id='line_1_10' title="bbox 61 645 1574 685; baseline -0.003 -7"><span class='ocrx_word' id='word_1_83' title='bbox 61 650 158 685; x_wconf 81' lang='lat' dir='ltr'>luptas</span> <span class='ocrx_word' id='word_1_84' title='bbox 178 655 222 677; x_wconf 90' lang='lat' dir='ltr'>est</span> <span class='ocrx_word' id='word_1_85' title='bbox 245 649 350 684; x_wconf 86' lang='lat' dir='ltr'>gradus</span> <span class='ocrx_word' id='word_1_86' title='bbox 370 655 397 676; x_wconf 89' lang='lat' dir='ltr'>et</span> <span class='ocrx_word' id='word_1_87' title='bbox 417 657 589 684; x_wconf 85' lang='lat' dir='ltr'>progressus</span> <span class='ocrx_word' id='word_1_88' title='bbox 615 649 649 676; x_wconf 82' lang='lat' dir='ltr'>ad</span> <span class='ocrx_word' id='word_1_89' title='bbox 671 648 858 683; x_wconf 84' lang='lat' dir='ltr'>felicitatem,</span> <span class='ocrx_word' id='word_1_90' title='bbox 881 647 930 683; x_wconf 90' lang='lat' dir='ltr'>qui</span> <span class='ocrx_word' id='word_1_91' title='bbox 951 648 1059 684; x_wconf 83' lang='lat' dir='ltr'>gradus</span> <span class='ocrx_word' id='word_1_92' title='bbox 1087 645 1276 675; x_wconf 87' lang='lat' dir='ltr'>brevissimus</span> <span class='ocrx_word' id='word_1_93' title='bbox 1303 645 1415 681; x_wconf 84' lang='lat' dir='ltr'>quidem</span> <span class='ocrx_word' id='word_1_94' title='bbox 1436 654 1499 673; x_wconf 74' lang='lat' dir='ltr'>esse</span> <span class='ocrx_word' id='word_1_95' title='bbox 1522 654 1574 680; x_wconf 86' lang='lat' dir='ltr'>po·</span> 
     </span>
     <span class='ocr_line' id='line_1_11' title="bbox 60 696 1578 735; baseline -0.003 -7"><span class='ocrx_word' id='word_1_96' title='bbox 60 707 137 735; x_wconf 85' lang='lat' dir='ltr'>test,</span> <span class='ocrx_word' id='word_1_97' title='bbox 158 700 316 728; x_wconf 83' lang='lat' dir='ltr'>secundum</span> <span class='ocrx_word' id='word_1_98' title='bbox 342 707 506 734; x_wconf 82' lang='lat' dir='ltr'>praesentes</span> <span class='ocrx_word' id='word_1_99' title='bbox 532 700 755 735; x_wconf 82' lang='lat' dir='ltr'>impressiones,</span> <span class='ocrx_word' id='word_1_100' title='bbox 791 700 841 727; x_wconf 87' lang='lat' dir='ltr'>sed</span> <span class='ocrx_word' id='word_1_101' title='bbox 864 707 922 727; x_wconf 88' lang='lat' dir='ltr'>non</span> <span class='ocrx_word' id='word_1_102' title='bbox 952 698 1033 727; x_wconf 82' lang='lat' dir='ltr'>idem</span> <span class='ocrx_word' id='word_1_103' title='bbox 1052 698 1194 733; x_wconf 84' lang='lat' dir='ltr'>optimus.</span> <span class='ocrx_word' id='word_1_104' title='bbox 1242 697 1268 725; x_wconf 84' lang='lat' dir='ltr'>A</span> <span class='ocrx_word' id='word_1_105' title='bbox 1296 704 1360 724; x_wconf 88' lang='lat' dir='ltr'>vera</span> <span class='ocrx_word' id='word_1_106' title='bbox 1383 697 1428 724; x_wconf 87' lang='lat' dir='ltr'>via</span> <span class='ocrx_word' id='word_1_107' title='bbox 1453 696 1578 724; x_wconf 86' lang='lat' dir='ltr'>aberrare</span> 
     </span>
     <span class='ocr_line' id='line_1_12' title="bbox 61 746 1575 788; baseline -0.003 -8"><span class='ocrx_word' id='word_1_108' title='bbox 61 759 243 788; x_wconf 85' lang='lat' dir='ltr'>possumus,</span> <span class='ocrx_word' id='word_1_109' title='bbox 265 751 333 779; x_wconf 91' lang='lat' dir='ltr'>dum</span> <span class='ocrx_word' id='word_1_110' title='bbox 359 749 553 779; x_wconf 85' lang='lat' dir='ltr'>brevissimam</span> <span class='ocrx_word' id='word_1_111' title='bbox 580 751 754 786; x_wconf 86' lang='lat' dir='ltr'>sequendam</span> <span class='ocrx_word' id='word_1_112' title='bbox 780 750 958 778; x_wconf 84' lang='lat' dir='ltr'>statuimus:</span> <span class='ocrx_word' id='word_1_113' title='bbox 981 749 1054 777; x_wconf 89' lang='lat' dir='ltr'>ratio</span> <span class='ocrx_word' id='word_1_114' title='bbox 1079 748 1167 785; x_wconf 88' lang='lat' dir='ltr'>igitur</span> <span class='ocrx_word' id='word_1_115' title='bbox 1190 753 1217 775; x_wconf 91' lang='lat' dir='ltr'>et</span> <span class='ocrx_word' id='word_1_116' title='bbox 1241 747 1377 775; x_wconf 87' lang='lat' dir='ltr'>voluntas</span> <span class='ocrx_word' id='word_1_117' title='bbox 1400 747 1434 776; x_wconf 82' lang='lat' dir='ltr'>ad</span> <span class='ocrx_word' id='word_1_118' title='bbox 1456 746 1575 775; x_wconf 84' lang='lat' dir='ltr'>felicita-</span> 
     </span>
     <span class='ocr_line' id='line_1_13' title="bbox 61 800 1124 838; baseline -0.003 -7"><span class='ocrx_word' id='word_1_119' title='bbox 61 808 139 837; x_wconf 84' lang='lat' dir='ltr'>tem,</span> <span class='ocrx_word' id='word_1_120' title='bbox 161 810 264 830; x_wconf 85' lang='lat' dir='ltr'>sensus</span> <span class='ocrx_word' id='word_1_121' title='bbox 291 808 320 829; x_wconf 87' lang='lat' dir='ltr'>et</span> <span class='ocrx_word' id='word_1_122' title='bbox 349 801 493 837; x_wconf 86' lang='lat' dir='ltr'>appetitus</span> <span class='ocrx_word' id='word_1_123' title='bbox 516 803 550 831; x_wconf 90' lang='lat' dir='ltr'>ad</span> <span class='ocrx_word' id='word_1_124' title='bbox 576 802 751 838; x_wconf 85' lang='lat' dir='ltr'>voluptatem</span> <span class='ocrx_word' id='word_1_125' title='bbox 777 808 888 830; x_wconf 90' lang='lat' dir='ltr'>tantum</span> <span class='ocrx_word' id='word_1_126' title='bbox 913 802 1025 830; x_wconf 89' lang='lat' dir='ltr'>ducunt</span> <span class='ocrx_word' id='word_1_127' title='bbox 1046 800 1124 837; x_wconf 83' lang='lat'><strong>(3).</strong></span> 
     </span>
    </p>

    <p class='ocr_par' dir='ltr' id='par_1_5' title="bbox 63 849 1573 940">
     <span class='ocr_line' id='line_1_14' title="bbox 98 849 1573 889; baseline -0.002 -9"><span class='ocrx_word' id='word_1_128' title='bbox 98 852 209 881; x_wconf 89' lang='lat' dir='ltr'>Eodem</span> <span class='ocrx_word' id='word_1_129' title='bbox 235 851 293 881; x_wconf 84' lang='lat' dir='ltr'>fere</span> <span class='ocrx_word' id='word_1_130' title='bbox 321 853 408 881; x_wconf 89' lang='lat' dir='ltr'>modo</span> <span class='ocrx_word' id='word_1_131' title='bbox 431 853 558 882; x_wconf 87' lang='lat' dir='ltr'>Wolfius</span> <span class='ocrx_word' id='word_1_132' title='bbox 583 854 768 883; x_wconf 76' lang='lat' dir='ltr'>Felicitatem</span> <span class='ocrx_word' id='word_1_133' title='bbox 793 852 891 881; x_wconf 87' lang='lat' dir='ltr'>definit</span> <span class='ocrx_word' id='word_1_134' title='bbox 912 853 994 889; x_wconf 80' lang='lat'>(4).</span> <span class='ocrx_word' id='word_1_135' title='bbox 1040 871 1058 886; x_wconf 91' lang='lat'>„</span> <span class='ocrx_word' id='word_1_136' title='bbox 1076 851 1225 879; x_wconf 88' lang='lat' dir='ltr'>Summum</span> <span class='ocrx_word' id='word_1_137' title='bbox 1248 850 1375 881; x_wconf 88' lang='lat' dir='ltr'>hominis</span> <span class='ocrx_word' id='word_1_138' title='bbox 1400 849 1507 878; x_wconf 88' lang='lat' dir='ltr'>bonum</span> <span class='ocrx_word' id='word_1_139' title='bbox 1528 855 1573 877; x_wconf 84' lang='lat' dir='ltr'>est</span> 
     </span>
     <span class='ocr_line' id='line_1_15' title="bbox 63 900 1126 940; baseline -0.004 -7"><span class='ocrx_word' id='word_1_140' title='bbox 63 912 122 933; x_wconf 85' lang='lat' dir='ltr'>non</span> <span class='ocrx_word' id='word_1_141' title='bbox 147 904 303 939; x_wconf 83' lang='lat' dir='ltr'>impeditus</span> <span class='ocrx_word' id='word_1_142' title='bbox 329 912 500 940; x_wconf 84' lang='lat' dir='ltr'>progressus</span> <span class='ocrx_word' id='word_1_143' title='bbox 526 905 560 932; x_wconf 89' lang='lat' dir='ltr'>ad</span> <span class='ocrx_word' id='word_1_144' title='bbox 589 907 709 940; x_wconf 85' lang='lat' dir='ltr'>majores</span> <span class='ocrx_word' id='word_1_145' title='bbox 732 904 874 933; x_wconf 90' lang='lat' dir='ltr'>continuo</span> <span class='ocrx_word' id='word_1_146' title='bbox 899 900 1126 938; x_wconf 87' lang='lat' dir='ltr'>perfectiones.&#39;’</span> 
     </span>
    </p>

    <p class='ocr_par' dir='ltr' id='par_1_6' title="bbox 58 951 1580 1249">
     <span class='ocr_line' id='line_1_16' title="bbox 99 951 1569 990; baseline -0.003 -8"><span class='ocrx_word' id='word_1_147' title='bbox 99 955 198 989; x_wconf 82' lang='lat' dir='ltr'>Atque</span> <span class='ocrx_word' id='word_1_148' title='bbox 225 951 407 984; x_wconf 77' lang='lat' dir='ltr'>manifestius</span> <span class='ocrx_word' id='word_1_149' title='bbox 429 955 577 990; x_wconf 83' lang='lat' dir='ltr'>apparebit</span> <span class='ocrx_word' id='word_1_150' title='bbox 598 953 830 983; x_wconf 82' lang='lat' dir='ltr'>Leibnitziariam</span> <span class='ocrx_word' id='word_1_151' title='bbox 853 952 987 981; x_wconf 85' lang='lat' dir='ltr'>scholam</span> <span class='ocrx_word' id='word_1_152' title='bbox 1015 953 1045 981; x_wconf 86' lang='lat' dir='ltr'>in</span> <span class='ocrx_word' id='word_1_153' title='bbox 1069 951 1261 989; x_wconf 84' lang='lat' dir='ltr'>perfectionis</span> <span class='ocrx_word' id='word_1_154' title='bbox 1285 960 1380 981; x_wconf 82' lang='lat' dir='ltr'>amore</span> <span class='ocrx_word' id='word_1_155' title='bbox 1404 951 1569 980; x_wconf 83' lang='lat' dir='ltr'>felicitatem</span> 
     </span>
     <span class='ocr_line' id='line_1_17' title="bbox 61 1002 1578 1042; baseline -0.003 -8"><span class='ocrx_word' id='word_1_156' title='bbox 61 1006 223 1042; x_wconf 72' lang='lat' dir='ltr'>posuisse,</span> <span class='ocrx_word' id='word_1_157' title='bbox 250 1013 315 1034; x_wconf 91' lang='lat' dir='ltr'>cum</span> <span class='ocrx_word' id='word_1_158' title='bbox 339 1005 495 1034; x_wconf 87' lang='lat' dir='ltr'>viderimus</span> <span class='ocrx_word' id='word_1_159' title='bbox 518 1006 646 1034; x_wconf 86' lang='lat' dir='ltr'>eumdem</span> <span class='ocrx_word' id='word_1_160' title='bbox 674 1004 864 1041; x_wconf 84' lang='lat' dir='ltr'>perfectionis</span> <span class='ocrx_word' id='word_1_161' title='bbox 886 1012 1009 1032; x_wconf 82' lang='lat' dir='ltr'>amorem</span> <span class='ocrx_word' id='word_1_162' title='bbox 1038 1003 1067 1032; x_wconf 90' lang='lat' dir='ltr'>in</span> <span class='ocrx_word' id='word_1_163' title='bbox 1092 1004 1148 1031; x_wconf 91' lang='lat' dir='ltr'>hoc</span> <span class='ocrx_word' id='word_1_164' title='bbox 1173 1009 1328 1040; x_wconf 82' lang='lat' dir='ltr'>systemate</span> <span class='ocrx_word' id='word_1_165' title='bbox 1352 1002 1435 1031; x_wconf 88' lang='lat' dir='ltr'>etiam</span> <span class='ocrx_word' id='word_1_166' title='bbox 1458 1004 1578 1031; x_wconf 71' lang='lat' dir='ltr'>virtutis</span> 
     </span>
     <span class='ocr_line' id='line_1_18' title="bbox 58 1048 1579 1093; baseline -0.002 -8"><span class='ocrx_word' id='word_1_167' title='bbox 58 1048 232 1093; x_wconf 73' lang='lat' dir='ltr'>principium</span> <span class='ocrx_word' id='word_1_168' title='bbox 259 1064 336 1085; x_wconf 88' lang='lat' dir='ltr'>esse.</span> <span class='ocrx_word' id='word_1_169' title='bbox 383 1056 456 1084; x_wconf 87' lang='lat' dir='ltr'>Nam</span> <span class='ocrx_word' id='word_1_170' title='bbox 482 1055 685 1085; x_wconf 86' lang='lat' dir='ltr'>Leibnitziana</span> <span class='ocrx_word' id='word_1_171' title='bbox 717 1063 745 1084; x_wconf 87' lang='lat' dir='ltr'>et</span> <span class='ocrx_word' id='word_1_172' title='bbox 775 1055 921 1084; x_wconf 56' lang='lat' dir='ltr'>XVolfiana</span> <span class='ocrx_word' id='word_1_173' title='bbox 954 1055 1060 1084; x_wconf 87' lang='lat' dir='ltr'>Schola</span> <span class='ocrx_word' id='word_1_174' title='bbox 1092 1061 1240 1090; x_wconf 84' lang='lat' dir='ltr'>propterea</span> <span class='ocrx_word' id='word_1_175' title='bbox 1269 1057 1404 1084; x_wconf 89' lang='lat' dir='ltr'>virtutem</span> <span class='ocrx_word' id='word_1_176' title='bbox 1437 1055 1579 1090; x_wconf 79' lang='lat' dir='ltr'>praecipit</span> 
     </span>
     <span class='ocr_line' id='line_1_19' title="bbox 58 1100 1577 1143; baseline -0.001 -8"><span class='ocrx_word' id='word_1_177' title='bbox 58 1107 200 1143; x_wconf 18' lang='lat' dir='ltr'>&#39;quoniam</span> <span class='ocrx_word' id='word_1_178' title='bbox 228 1107 394 1135; x_wconf 83' lang='lat' dir='ltr'>felicitatem</span> <span class='ocrx_word' id='word_1_179' title='bbox 428 1108 564 1143; x_wconf 84' lang='lat' dir='ltr'>praebet,</span> <span class='ocrx_word' id='word_1_180' title='bbox 591 1100 679 1136; x_wconf 78' lang='lat' dir='ltr'>sicuti</span> <span class='ocrx_word' id='word_1_181' title='bbox 701 1108 735 1136; x_wconf 92' lang='lat' dir='ltr'>de</span> <span class='ocrx_word' id='word_1_182' title='bbox 769 1115 868 1135; x_wconf 89' lang='lat' dir='ltr'>eorum</span> <span class='ocrx_word' id='word_1_183' title='bbox 896 1105 1053 1135; x_wconf 88' lang='lat' dir='ltr'>moralibus</span> <span class='ocrx_word' id='word_1_184' title='bbox 1082 1105 1264 1141; x_wconf 87' lang='lat' dir='ltr'>dogmatibus</span> <span class='ocrx_word' id='word_1_185' title='bbox 1290 1113 1404 1141; x_wconf 69' lang='lat' dir='ltr'>agentes</span> <span class='ocrx_word' id='word_1_186' title='bbox 1433 1114 1509 1134; x_wconf 89' lang='lat' dir='ltr'>nunc</span> <span class='ocrx_word' id='word_1_187' title='bbox 1533 1106 1577 1134; x_wconf 86' lang='lat' dir='ltr'>vi-</span> 
     </span>
     <span class='ocr_line' id='line_1_20' title="bbox 60 1147 1580 1197; baseline -0.001 -10"><span class='ocrx_word' id='word_1_188' title='bbox 60 1158 212 1197; x_wconf 70' lang='lat' dir='ltr'>debimus;</span> <span class='ocrx_word' id='word_1_189' title='bbox 234 1166 270 1188; x_wconf 75' lang='lat' dir='ltr'>ex</span> <span class='ocrx_word' id='word_1_190' title='bbox 297 1159 342 1187; x_wconf 89' lang='lat' dir='ltr'>his</span> <span class='ocrx_word' id='word_1_191' title='bbox 364 1159 452 1187; x_wconf 87' lang='lat' dir='ltr'>simul</span> <span class='ocrx_word' id='word_1_192' title='bbox 480 1159 677 1194; x_wconf 81' lang='lat' dir='ltr'>intelligetur,</span> <span class='ocrx_word' id='word_1_193' title='bbox 708 1165 859 1193; x_wconf 80' lang='lat' dir='ltr'>quamnam</span> <span class='ocrx_word' id='word_1_194' title='bbox 887 1147 1125 1194; x_wconf 81' lang='lat' dir='ltr'>conjunctionem</span> <span class='ocrx_word' id='word_1_195' title='bbox 1152 1156 1228 1186; x_wconf 86' lang='lat' dir='ltr'>inter</span> <span class='ocrx_word' id='word_1_196' title='bbox 1246 1156 1382 1185; x_wconf 86' lang='lat' dir='ltr'>virtutem</span> <span class='ocrx_word' id='word_1_197' title='bbox 1407 1163 1435 1185; x_wconf 87' lang='lat' dir='ltr'>et</span> <span class='ocrx_word' id='word_1_198' title='bbox 1461 1156 1580 1186; x_wconf 78' lang='lat' dir='ltr'>felicita·</span> 
     </span>
     <span class='ocr_line' id='line_1_21' title="bbox 58 1209 334 1249; baseline 0.007 -11"><span class='ocrx_word' id='word_1_199' title='bbox 58 1217 117 1249; x_wconf 68' lang='lat' dir='ltr'>tem</span> <span class='ocrx_word' id='word_1_200' title='bbox 139 1209 334 1240; x_wconf 82' lang='lat' dir='ltr'>constituerit.</span> 
     </span>
    </p>

    <p class='ocr_par' dir='ltr' id='par_1_7' title="bbox 56 1259 1582 1450">
     <span class='ocr_line' id='line_1_22' title="bbox 99 1259 1580 1296; baseline 0.001 -10"><span class='ocrx_word' id='word_1_201' title='bbox 99 1260 232 1289; x_wconf 88' lang='lat' dir='ltr'>Virtutes</span> <span class='ocrx_word' id='word_1_202' title='bbox 257 1268 315 1288; x_wconf 90' lang='lat' dir='ltr'>non</span> <span class='ocrx_word' id='word_1_203' title='bbox 347 1259 399 1288; x_wconf 84' lang='lat' dir='ltr'>alia</span> <span class='ocrx_word' id='word_1_204' title='bbox 422 1260 456 1288; x_wconf 92' lang='lat' dir='ltr'>de</span> <span class='ocrx_word' id='word_1_205' title='bbox 485 1268 570 1289; x_wconf 86' lang='lat' dir='ltr'>causa</span> <span class='ocrx_word' id='word_1_206' title='bbox 593 1266 663 1288; x_wconf 86' lang='lat' dir='ltr'>sunt</span> <span class='ocrx_word' id='word_1_207' title='bbox 694 1260 836 1295; x_wconf 71' lang='lat' dir='ltr'>virtutes,</span> <span class='ocrx_word' id='word_1_208' title='bbox 858 1260 915 1289; x_wconf 89' lang='lat' dir='ltr'>nisi</span> <span class='ocrx_word' id='word_1_209' title='bbox 946 1259 1015 1296; x_wconf 92' lang='lat' dir='ltr'>quia</span> <span class='ocrx_word' id='word_1_210' title='bbox 1042 1260 1075 1288; x_wconf 90' lang='lat' dir='ltr'>ad</span> <span class='ocrx_word' id='word_1_211' title='bbox 1101 1267 1223 1295; x_wconf 89' lang='lat' dir='ltr'>eorum,</span> <span class='ocrx_word' id='word_1_212' title='bbox 1245 1260 1296 1295; x_wconf 90' lang='lat' dir='ltr'>qui</span> <span class='ocrx_word' id='word_1_213' title='bbox 1326 1259 1434 1288; x_wconf 88' lang='lat' dir='ltr'>virtute</span> <span class='ocrx_word' id='word_1_214' title='bbox 1458 1259 1580 1295; x_wconf 87' lang='lat' dir='ltr'>praediti</span> 
     </span>
     <span class='ocr_line' id='line_1_23' title="bbox 57 1309 1579 1352; baseline -0.001 -11"><span class='ocrx_word' id='word_1_215' title='bbox 57 1319 150 1352; x_wconf 61' lang='lat' dir='ltr'>sunt,</span> <span class='ocrx_word' id='word_1_216' title='bbox 176 1310 380 1348; x_wconf 79' lang='lat' dir='ltr'>perfectionem</span> <span class='ocrx_word' id='word_1_217' title='bbox 408 1311 551 1346; x_wconf 84' lang='lat' dir='ltr'>tendunt,</span> <span class='ocrx_word' id='word_1_218' title='bbox 582 1318 631 1338; x_wconf 90' lang='lat' dir='ltr'>aut</span> <span class='ocrx_word' id='word_1_219' title='bbox 658 1311 903 1346; x_wconf 81' lang='lat' dir='ltr'>imperfectionem</span> <span class='ocrx_word' id='word_1_220' title='bbox 932 1311 1091 1347; x_wconf 88' lang='lat' dir='ltr'>impediunt</span> <span class='ocrx_word' id='word_1_221' title='bbox 1112 1310 1201 1347; x_wconf 83' lang='lat'><strong>(5),</strong></span> <span class='ocrx_word' id='word_1_222' title='bbox 1228 1311 1250 1339; x_wconf 92' lang='lat' dir='ltr'>i.</span> <span class='ocrx_word' id='word_1_223' title='bbox 1269 1319 1295 1339; x_wconf 88' lang='lat' dir='ltr'>e.</span> <span class='ocrx_word' id='word_1_224' title='bbox 1327 1310 1427 1338; x_wconf 85' lang='lat' dir='ltr'>felices</span> <span class='ocrx_word' id='word_1_225' title='bbox 1448 1309 1579 1339; x_wconf 87' lang='lat' dir='ltr'>reddunt.</span> 
     </span>
     <span class='ocr_line' id='line_1_24' title="bbox 56 1360 1582 1398; baseline -0.002 -7"><span class='ocrx_word' id='word_1_226' title='bbox 56 1362 130 1395; x_wconf 69' lang='lat' dir='ltr'>Ideo</span> <span class='ocrx_word' id='word_1_227' title='bbox 152 1370 271 1398; x_wconf 87' lang='lat' dir='ltr'>quoque</span> <span class='ocrx_word' id='word_1_228' title='bbox 291 1361 477 1390; x_wconf 87' lang='lat' dir='ltr'>Leibnitzius</span> <span class='ocrx_word' id='word_1_229' title='bbox 505 1360 673 1397; x_wconf 81' lang='lat' dir='ltr'>sapientiam</span> <span class='ocrx_word' id='word_1_230' title='bbox 698 1361 772 1390; x_wconf 81' lang='lat' dir='ltr'>nihil</span> <span class='ocrx_word' id='word_1_231' title='bbox 796 1362 875 1390; x_wconf 88' lang='lat' dir='ltr'>aliud</span> <span class='ocrx_word' id='word_1_232' title='bbox 896 1369 958 1390; x_wconf 88' lang='lat' dir='ltr'>esse</span> <span class='ocrx_word' id='word_1_233' title='bbox 985 1362 1070 1390; x_wconf 87' lang='lat' dir='ltr'>docet</span> <span class='ocrx_word' id='word_1_234' title='bbox 1084 1381 1096 1397; x_wconf 88' lang='lat'><strong>,</strong></span> <span class='ocrx_word' id='word_1_235' title='bbox 1118 1369 1204 1397; x_wconf 85' lang='lat' dir='ltr'>quam</span> <span class='ocrx_word' id='word_1_236' title='bbox 1228 1362 1321 1397; x_wconf 84' lang='lat' dir='ltr'>ipsam</span> <span class='ocrx_word' id='word_1_237' title='bbox 1342 1361 1493 1389; x_wconf 79' lang='lat' dir='ltr'>scientiam</span> <span class='ocrx_word' id='word_1_238' title='bbox 1506 1360 1582 1396; x_wconf 75' lang='lat' dir='ltr'>jeli-</span> 
     </span>
     <span class='ocr_line' id='line_1_25' title="bbox 58 1409 349 1450; baseline 0.003 -8"><span class='ocrx_word' id='word_1_239' title='bbox 58 1415 157 1442; x_wconf 73' lang='lat' dir='ltr'>cttatts</span> <span class='ocrx_word' id='word_1_240' title='bbox 178 1413 261 1450; x_wconf 84' lang='grc'>(6).</span> <span class='ocrx_word' id='word_1_241' title='bbox 344 1409 349 1411; x_wconf 71' lang='grc'><strong><em>’</em></strong></span> 
     </span>
    </p>

    <p class='ocr_par' dir='ltr' id='par_1_8' title="bbox 1508 1461 1578 1491">
     <span class='ocr_line' id='line_1_26' title="bbox 1508 1461 1578 1491; baseline 0.014 -1"><span class='ocrx_word' id='word_1_242' title='bbox 1508 1461 1578 1491; x_wconf 80' lang='lat' dir='ltr'>Item</span> 
     </span>
    </p>
   </div>
   <div class='ocr_carea' id='block_1_3' title="bbox 61 1554 1582 1873">
    <p class='ocr_par' dir='ltr' id='par_1_9' title="bbox 61 1554 1581 1638">
     <span class='ocr_line' id='line_1_27' title="bbox 61 1554 1581 1595; baseline -0.003 -9"><span class='ocrx_word' id='word_1_243' title='bbox 61 1560 136 1595; x_wconf 81' lang='lat' dir='ltr'>phiae</span> <span class='ocrx_word' id='word_1_244' title='bbox 150 1559 174 1585; x_wconf 87' lang='lat' dir='ltr'>in</span> <span class='ocrx_word' id='word_1_245' title='bbox 189 1559 272 1592; x_wconf 79' lang='lat' dir='ltr'>Oper.</span> <span class='ocrx_word' id='word_1_246' title='bbox 297 1554 386 1587; x_wconf 78' lang='lat' dir='ltr'>T.&#39;11.</span> <span class='ocrx_word' id='word_1_247' title='bbox 411 1567 437 1592; x_wconf 90' lang='lat' dir='ltr'>p.</span> <span class='ocrx_word' id='word_1_248' title='bbox 451 1567 480 1593; x_wconf 81' lang='lat'>3¹</span> <span class='ocrx_word' id='word_1_249' title='bbox 506 1561 531 1585; x_wconf 89' lang='lat' dir='ltr'>in</span> <span class='ocrx_word' id='word_1_250' title='bbox 553 1559 621 1592; x_wconf 86' lang='lat' dir='ltr'>fine,</span> <span class='ocrx_word' id='word_1_251' title='bbox 641 1566 665 1585; x_wconf 87' lang='lat' dir='ltr'>et</span> <span class='ocrx_word' id='word_1_252' title='bbox 690 1557 820 1593; x_wconf 85' lang='lat' dir='ltr'>Principes</span> <span class='ocrx_word' id='word_1_253' title='bbox 846 1558 879 1585; x_wconf 86' lang='lat' dir='ltr'>de</span> <span class='ocrx_word' id='word_1_254' title='bbox 903 1560 924 1584; x_wconf 90' lang='lat' dir='ltr'>la</span> <span class='ocrx_word' id='word_1_255' title='bbox 945 1566 1031 1586; x_wconf 84' lang='lat' dir='ltr'>nature</span> <span class='ocrx_word' id='word_1_256' title='bbox 1055 1567 1080 1586; x_wconf 88' lang='lat' dir='ltr'>et</span> <span class='ocrx_word' id='word_1_257' title='bbox 1106 1558 1138 1585; x_wconf 89' lang='lat' dir='ltr'>de</span> <span class='ocrx_word' id='word_1_258' title='bbox 1161 1557 1183 1586; x_wconf 80' lang='lat' dir='ltr'>la</span> <span class='ocrx_word' id='word_1_259' title='bbox 1207 1565 1280 1591; x_wconf 84' lang='lat' dir='ltr'>grace</span> <span class='ocrx_word' id='word_1_260' title='bbox 1304 1557 1411 1584; x_wconf 74' lang='lat' dir='ltr'>sondees</span> <span class='ocrx_word' id='word_1_261' title='bbox 1434 1564 1464 1582; x_wconf 86' lang='lat' dir='ltr'>eu</span> <span class='ocrx_word' id='word_1_262' title='bbox 1485 1558 1581 1587; x_wconf 80' lang='lat' dir='ltr'>raison,</span> 
     </span>
     <span class='ocr_line' id='line_1_28' title="bbox 62 1606 288 1638; baseline -0.004 -6"><span class='ocrx_word' id='word_1_263' title='bbox 62 1607 89 1637; x_wconf 78' lang='lat' dir='ltr'>S.</span> <span class='ocrx_word' id='word_1_264' title='bbox 111 1607 160 1637; x_wconf 83' lang='lat'>16,</span> <span class='ocrx_word' id='word_1_265' title='bbox 181 1613 228 1638; x_wconf 87' lang='lat'>17,</span> <span class='ocrx_word' id='word_1_266' title='bbox 249 1606 288 1632; x_wconf 82' lang='lat'>18.</span> 
     </span>
    </p>

    <p class='ocr_par' dir='ltr' id='par_1_10' title="bbox 62 1649 1582 1733">
     <span class='ocr_line' id='line_1_29' title="bbox 94 1649 1582 1686; baseline -0.001 -9"><span class='ocrx_word' id='word_1_267' title='bbox 94 1649 110 1682; x_wconf 86' lang='lat'>(</span> <span class='ocrx_word' id='word_1_268' title='bbox 125 1650 162 1686; x_wconf 79' lang='grc' dir='ltr'>ι)</span> <span class='ocrx_word' id='word_1_269' title='bbox 183 1651 302 1676; x_wconf 86' lang='lat' dir='ltr'>Leibnitz</span> <span class='ocrx_word' id='word_1_270' title='bbox 321 1651 404 1677; x_wconf 78' lang='lat' dir='ltr'>Essais</span> <span class='ocrx_word' id='word_1_271' title='bbox 421 1659 462 1677; x_wconf 85' lang='lat' dir='ltr'>sur</span> <span class='ocrx_word' id='word_1_272' title='bbox 482 1652 685 1678; x_wconf 82' lang='lat' dir='ltr'>l&#39;Entendement</span> <span class='ocrx_word' id='word_1_273' title='bbox 697 1652 798 1678; x_wconf 83' lang='lat' dir='ltr'>humain</span> <span class='ocrx_word' id='word_1_274' title='bbox 819 1652 877 1678; x_wconf 89' lang='lat' dir='ltr'>Liv.</span> <span class='ocrx_word' id='word_1_275' title='bbox 893 1652 928 1677; x_wconf 86' lang='lat'>11.</span> <span class='ocrx_word' id='word_1_276' title='bbox 952 1652 978 1684; x_wconf 86' lang='lat'>§.</span> <span class='ocrx_word' id='word_1_277' title='bbox 993 1652 1035 1683; x_wconf 81' lang='lat'>36.</span> <span class='ocrx_word' id='word_1_278' title='bbox 1053 1659 1079 1684; x_wconf 87' lang='lat' dir='ltr'>p.</span> <span class='ocrx_word' id='word_1_279' title='bbox 1102 1652 1159 1684; x_wconf 85' lang='lat'>148.</span> <span class='ocrx_word' id='word_1_280' title='bbox 1176 1651 1236 1677; x_wconf 86' lang='lat' dir='ltr'>dans</span> <span class='ocrx_word' id='word_1_281' title='bbox 1253 1652 1288 1676; x_wconf 87' lang='lat' dir='ltr'>les</span> <span class='ocrx_word' id='word_1_282' title='bbox 1302 1658 1408 1678; x_wconf 85' lang='lat' dir='ltr'>oeuvres</span> <span class='ocrx_word' id='word_1_283' title='bbox 1423 1649 1582 1682; x_wconf 83' lang='lat' dir='ltr'>philosophi-</span> 
     </span>
     <span class='ocr_line' id='line_1_30' title="bbox 62 1697 896 1733; baseline 0.002 -10"><span class='ocrx_word' id='word_1_284' title='bbox 62 1705 124 1730; x_wconf 86' lang='lat' dir='ltr'>ques</span> <span class='ocrx_word' id='word_1_285' title='bbox 137 1697 169 1723; x_wconf 88' lang='lat' dir='ltr'>de</span> <span class='ocrx_word' id='word_1_286' title='bbox 186 1698 305 1724; x_wconf 84' lang='lat' dir='ltr'>Leibnitz</span> <span class='ocrx_word' id='word_1_287' title='bbox 321 1700 436 1730; x_wconf 55' lang='lat' dir='ltr'>publicas</span> <span class='ocrx_word' id='word_1_288' title='bbox 454 1707 497 1732; x_wconf 81' lang='lat' dir='ltr'>par</span> <span class='ocrx_word' id='word_1_289' title='bbox 512 1701 595 1733; x_wconf 78' lang='lat' dir='ltr'>Ruspe</span> <span class='ocrx_word' id='word_1_290' title='bbox 606 1719 614 1731; x_wconf 94' lang='lat'>‚</span> <span class='ocrx_word' id='word_1_291' title='bbox 633 1701 716 1727; x_wconf 79' lang='lat' dir='ltr'>Amst.</span> <span class='ocrx_word' id='word_1_292' title='bbox 733 1699 804 1732; x_wconf 83' lang='lat' dir='ltr'>Lips.</span> <span class='ocrx_word' id='word_1_293' title='bbox 823 1699 896 1732; x_wconf 78' lang='lat'>1766.</span> 
     </span>
    </p>

    <p class='ocr_par' dir='ltr' id='par_1_11' title="bbox 95 1742 471 1778">
     <span class='ocr_line' id='line_1_31' title="bbox 95 1742 471 1778; baseline 0.005 -8"><span class='ocrx_word' id='word_1_294' title='bbox 95 1742 164 1776; x_wconf 85' lang='lat'>(2)</span> <span class='ocrx_word' id='word_1_295' title='bbox 183 1743 248 1770; x_wconf 85' lang='lat' dir='ltr'>Ibid.</span> <span class='ocrx_word' id='word_1_296' title='bbox 270 1752 297 1776; x_wconf 89' lang='lat' dir='ltr'>p.</span> <span class='ocrx_word' id='word_1_297' title='bbox 314 1753 346 1778; x_wconf 87' lang='lat'>47</span> <span class='ocrx_word' id='word_1_298' title='bbox 365 1752 389 1770; x_wconf 86' lang='lat' dir='ltr'>et</span> <span class='ocrx_word' id='word_1_299' title='bbox 415 1753 471 1778; x_wconf 81' lang='lat'>153.</span> 
     </span>
    </p>

    <p class='ocr_par' dir='ltr' id='par_1_12' title="bbox 97 1783 1304 1827">
     <span class='ocr_line' id='line_1_32' title="bbox 97 1783 1304 1827; baseline 0.002 -13"><span class='ocrx_word' id='word_1_300' title='bbox 97 1789 162 1823; x_wconf 80' lang='lat'>(3)</span> <span class='ocrx_word' id='word_1_301' title='bbox 182 1788 221 1816; x_wconf 85' lang='lat' dir='ltr'>Ib.</span> <span class='ocrx_word' id='word_1_302' title='bbox 250 1798 276 1823; x_wconf 84' lang='lat' dir='ltr'>p.</span> <span class='ocrx_word' id='word_1_303' title='bbox 293 1799 325 1825; x_wconf 87' lang='lat'>47</span> <span class='ocrx_word' id='word_1_304' title='bbox 345 1800 368 1818; x_wconf 88' lang='lat' dir='ltr'>et</span> <span class='ocrx_word' id='word_1_305' title='bbox 384 1799 442 1825; x_wconf 77' lang='lat'>153·</span> <span class='ocrx_word' id='word_1_306' title='bbox 582 1792 643 1827; x_wconf 82' lang='lat'>(4)</span> <span class='ocrx_word' id='word_1_307' title='bbox 663 1793 746 1820; x_wconf 86' lang='lat' dir='ltr'>Wolf.</span> <span class='ocrx_word' id='word_1_308' title='bbox 762 1783 912 1824; x_wconf 82' lang='lat' dir='ltr'>Phiiosoph.</span> <span class='ocrx_word' id='word_1_309' title='bbox 930 1790 1038 1816; x_wconf 83' lang='lat' dir='ltr'>Praetic.</span> <span class='ocrx_word' id='word_1_310' title='bbox 1064 1797 1132 1823; x_wconf 82' lang='lat' dir='ltr'>part.</span> <span class='ocrx_word' id='word_1_311' title='bbox 1152 1791 1174 1816; x_wconf 90' lang='grc' dir='ltr'>Ι.</span> <span class='ocrx_word' id='word_1_312' title='bbox 1203 1790 1228 1823; x_wconf 88' lang='lat'>§.</span> <span class='ocrx_word' id='word_1_313' title='bbox 1245 1796 1304 1822; x_wconf 84' lang='lat'>374.</span> 
     </span>
    </p>

    <p class='ocr_par' dir='ltr' id='par_1_13' title="bbox 88 1835 575 1873">
     <span class='ocr_line' id='line_1_33' title="bbox 88 1835 575 1873; baseline 0.008 -11"><span class='ocrx_word' id='word_1_314' title='bbox 88 1835 151 1868; x_wconf 85' lang='lat'>(5)</span> <span class='ocrx_word' id='word_1_315' title='bbox 170 1836 289 1862; x_wconf 85' lang='lat' dir='ltr'>Leibnitz</span> <span class='ocrx_word' id='word_1_316' title='bbox 306 1839 329 1863; x_wconf 86' lang='lat' dir='ltr'>in</span> <span class='ocrx_word' id='word_1_317' title='bbox 346 1839 447 1866; x_wconf 82' lang='lat' dir='ltr'>Theod.</span> <span class='ocrx_word' id='word_1_318' title='bbox 473 1840 499 1873; x_wconf 87' lang='lat'>§.</span> <span class='ocrx_word' id='word_1_319' title='bbox 517 1841 575 1866; x_wconf 87' lang='lat'>181.</span> 
     </span>
    </p>
   </div>
   <div class='ocr_carea' id='block_1_4' title="bbox 65 1881 1582 1959">
    <p class='ocr_par' dir='ltr' id='par_1_14' title="bbox 65 1881 1582 1959">
     <span class='ocr_line' id='line_1_34' title="bbox 98 1881 1582 1919; baseline 0.001 -12"><span class='ocrx_word' id='word_1_320' title='bbox 98 1881 165 1915; x_wconf 87' lang='lat'>(6)</span> <span class='ocrx_word' id='word_1_321' title='bbox 186 1883 212 1907; x_wconf 87' lang='lat' dir='ltr'>ln</span> <span class='ocrx_word' id='word_1_322' title='bbox 228 1883 296 1910; x_wconf 89' lang='lat' dir='ltr'>Cod.</span> <span class='ocrx_word' id='word_1_323' title='bbox 316 1885 381 1918; x_wconf 86' lang='lat' dir='ltr'>Juris</span> <span class='ocrx_word' id='word_1_324' title='bbox 400 1886 477 1912; x_wconf 82' lang='lat' dir='ltr'>Gent.</span> <span class='ocrx_word' id='word_1_325' title='bbox 498 1887 613 1919; x_wconf 85' lang='lat' dir='ltr'>Diplom.</span> <span class='ocrx_word' id='word_1_326' title='bbox 642 1895 668 1919; x_wconf 92' lang='lat' dir='ltr'>p.</span> <span class='ocrx_word' id='word_1_327' title='bbox 684 1893 711 1918; x_wconf 85' lang='lat'>9.</span> <span class='ocrx_word' id='word_1_328' title='bbox 730 1893 804 1919; x_wconf 82' lang='lat' dir='ltr'>quam</span> <span class='ocrx_word' id='word_1_329' title='bbox 822 1885 992 1912; x_wconf 83' lang='lat' dir='ltr'>definitionem</span> <span class='ocrx_word' id='word_1_330' title='bbox 1018 1885 1234 1911; x_wconf 79' lang='lat' dir='ltr'>vehementissime</span> <span class='ocrx_word' id='word_1_331' title='bbox 1260 1892 1273 1910; x_wconf 91' lang='lat' dir='ltr'>a</span> <span class='ocrx_word' id='word_1_332' title='bbox 1291 1884 1409 1910; x_wconf 71' lang='lat' dir='ltr'>Knnziaua</span> <span class='ocrx_word' id='word_1_333' title='bbox 1427 1884 1519 1910; x_wconf 74' lang='lat' dir='ltr'>Schola</span> <span class='ocrx_word' id='word_1_334' title='bbox 1539 1884 1582 1910; x_wconf 83' lang='lat' dir='ltr'>im-</span> 
     </span>
     <span class='ocr_line' id='line_1_35' title="bbox 65 1928 488 1959; baseline 0.012 -7"><span class='ocrx_word' id='word_1_335' title='bbox 65 1928 193 1959; x_wconf 80' lang='lat' dir='ltr'>probatam</span> <span class='ocrx_word' id='word_1_336' title='bbox 212 1936 266 1955; x_wconf 84' lang='lat' dir='ltr'>essc</span> <span class='ocrx_word' id='word_1_337' title='bbox 279 1931 401 1957; x_wconf 84' lang='lat' dir='ltr'>neminem</span> <span class='ocrx_word' id='word_1_338' title='bbox 421 1932 488 1957; x_wconf 82' lang='lat' dir='ltr'>latet.</span> 
     </span>
    </p>
   </div>
   <div class='ocr_carea' id='block_1_5' title="bbox 875 1988 905 2017">
    <p class='ocr_par' dir='ltr' id='par_1_15' title="bbox 875 1988 905 2017">
     <span class='ocr_line' id='line_1_36' title="bbox 875 1988 905 2017; baseline 0 0"><span class='ocrx_word' id='word_1_339' title='bbox 875 1988 905 2017; x_wconf 93' lang='lat' dir='ltr'>G</span> 
     </span>
    </p>
   </div>
  </div>
 </body>
</html>
