1946 2517
373 153 597 186 RESPONSIO
616 162 659 186 AD
680 149 985 192 QUAEsTtoNEM
1005 155 1327 190 THEOLOGICAM.
1571 132 1607 203 -35

128 237 169 267 Hi
193 237 306 275 quidem
328 237 478 267 Ecclesiae
502 237 626 267 ministri
653 238 805 274 imperium
836 239 866 268 in
884 245 986 269 coetus
1004 240 1062 270 sibi
1085 242 1267 272 concreditos
1288 250 1414 272 exercere
1436 243 1601 275 existiman-

90 291 119 321 di
145 296 233 325 sunt,
262 289 313 326 qui
340 289 370 318 in
401 290 486 318 rebus
512 298 610 318 eorum
633 290 668 318 ad
691 289 871 327 Religionem
902 292 1112 327 pertinentibus
1140 294 1273 323 curandis
1301 294 1342 324 ita
1372 302 1540 332 versantur,
1569 306 1601 326 ac

86 342 113 373 si
136 350 234 371 eorum
254 340 391 377 potestati
411 348 500 377 atque
521 341 640 370 arbitrio
666 341 748 378 plane
773 342 898 379 subjecti
926 351 1042 380 essent;
1063 345 1083 373 ii
1108 345 1216 382 etiam,
1239 346 1291 381 qui
1309 345 1471 383 Religionis
1496 347 1600 376 Chris-

89 394 182 423 tianae
208 397 402 421 contemtores
426 392 548 429 ejusque
568 392 684 429 ignaros
705 393 905 429 praecipiendo
925 401 952 423 et
977 397 1180 426 comminando
1200 405 1302 433 cogere
1324 404 1465 427 conantur
1485 399 1520 427 ad
1540 407 1601 428 eam

83 444 328 481 amplectendam,
356 444 448 480 iisque
466 444 549 472 fidem
566 451 680 473 coccam
699 451 786 480 atque
810 445 978 481 implicitam
1003 449 1171 483 persuadere
1196 449 1330 485 student,
1353 456 1410 478 eam
1429 458 1513 487 ergo,
1537 459 1593 486 qua

83 496 254 532 disciplinae
270 498 398 532 ipsorum
414 503 447 524 se
464 503 584 531 prorsus
602 495 787 525 committant
802 502 829 525 et
843 496 1021 533 subjiciant,
1043 499 1078 527 ab
1094 507 1191 528 eorum
1206 501 1299 536 jussis
1319 507 1346 529 et
1361 501 1494 530 consiliis
1515 502 1599 538 plane

80 547 241 584 pendeant,
271 546 344 576 nihil
376 554 497 583 prorsus
525 555 581 575 suo
609 547 740 583 ipsorum
764 548 798 577 de
820 548 983 584 Religionis
1010 550 1140 578 doctrina
1162 551 1271 587 judicio
1299 552 1469 581 tribuentes,
1490 567 1528 574 -—
1550 554 1596 582 Ad

78 606 130 628 eos
155 598 239 627 etiam
267 603 450 634 praeceptum
479 598 625 627 Petrinum
647 606 778 636 spectat,
799 598 850 634 qui
876 599 1004 628 debitum
1032 601 1173 629 mandatis
1198 602 1311 631 Divinis
1339 603 1511 638 obsequium
1535 603 1598 631 ani-

77 651 176 687 mique
195 657 223 679 et
248 645 330 680 vitae*
351 650 574 679 emendationem
602 654 661 680 non
688 651 831 680 monendo
855 657 883 679 et
909 651 1051 680 hortando
1079 652 1230 682 inculcant
1253 660 1281 682 et
1304 655 1524 690 commendant,
1546 654 1600 682 sed·

77 711 130 732 sua
153 703 284 739 ipsorum
312 702 409 738 inepte
435 700 562 731 adhibita
589 703 688 732 nescio
717 711 773 738 qua
801 702 988 738 auctoritate,
1020 702 1055 730 de
1083 703 1201 739 agendis
1233 710 1320 740 atque
1344 705 1515 734 omittendis
1541 714 1594 741 pro

73 754 194 783 arbitrio
227 753 384 788 definiant,
407 760 441 792 *et
467 754 503 782 ad
530 754 620 782 vitam
654 761 729 782 recte
758 754 968 790 transigendam
1001 754 1092 790 magis
1121 762 1277 791 poenarum
1310 763 1387 785 metu
1422 757 1594 792 impellunt,

74 813 160 841 quam
185 804 302 833 virtutis
330 813 433 834 amore.
455 820 496 828 —
516 805 673 834 Enimvero
699 806 754 834 hoc
783 805 933 834 hominum
960 803 1051 842 genus
1075 805 1152 834 inani
1174 812 1285 835 tantum
1309 808 1478 836 ostentanda
1501 808 1596 837 virtu.

74 855 114 885 tis
140 856 241 884 umbra
264 856 396 885 delectari
419 857 517 892 solet,
546 856 615 885 boni
638 856 727 886 videri
758 857 891 892 malunt,
919 865 1004 893 quam
1030 857 1125 885 bonos
1156 865 1186 885 se
1211 863 1371 894 praestare,
1402 859 1525 894 primum
1559 859 1594 887 iis

13 912 21 919 ‘
69 915 107 936 ac
130 915 275 936 summum
301 914 344 936 est
372 908 500 936 studium
532 908 625 937 laudis
657 914 684 936 et
710 908 850 944 honoris,
882 916 942 945 quo
978 916 1010 936 se
1039 908 1070 936 in
1099 916 1198 937 omnes
1225 916 1320 945 partes
1352 911 1397 946 agi
1425 909 1510 939 facile
1543 919 1593 946 pa·

72 958 203 995 tiuntur,
227 959 256 987 in
277 958 386 987 artibus
413 965 441 987 et
466 958 636 995 fraudibus,
658 960 694 988 ad
718 967 814 989 auram
842 960 984 997 plebeiam
1009 960 1178 995 captandam
1202 960 1304 988 callide
1328 960 1496 989 adhibendis
1523 962 1590 990 bene

70 1010 188 1039 versati.
229 1009 312 1039 Alios
337 1018 404 1047 ergo
432 1019 627 1047 quoscunque
649 1012 813 1048 despiciunt
838 1018 866 1040 et
893 1012 951 1040 alto
981 1011 1137 1047 supercilio
1162 1011 1335 1047 requirunt,
1357 1019 1388 1041 ut
1410 1012 1445 1041 ab
1472 1021 1520 1041 ore
1539 1012 1584 1048 ip-

69 1068 168 1089 sorum
193 1061 356 1098 pendeant,
383 1068 410 1090 et
440 1070 551 1091 summa
577 1070 688 1099 semper
711 1063 892 1092 veneratione
915 1059 998 1098 ipso‘s
1018 1069 1242 1098 prosequantur.
1291 1063 1367 1092 Sunt
1391 1071 1425 1092 ex
1454 1064 1509 1092 hoc
1541 1072 1590 1099 ge-

69 1119 152 1146 nere,
175 1113 226 1147 qui
251 1120 295 1140 res
321 1120 412 1141 novas
443 1113 614 1142 instituendi
637 1114 685 1150 jus
711 1113 766 1143 sibi
795 1119 928 1150 arrogant
953 1119 981 1141 et
1009 1119 1110 1142 coetus
1134 1113 1180 1142 sui
1203 1114 1303 1149 cives-5
1328 1122 1363 1142 ne
1389 1121 1585 1143 transversum

68 1163 182 1198 quidem
210 1171 334 1199 unguem
360 1164 395 1192 ab
418 1164 454 1193 iis
483 1164 627 1193 discedere
651 1165 819 1201 patiuntur,
851 1165 929 1194 dicta
955 1164 1094 1200 quaedam
1119 1164 1189 1201 Jesu
1214 1165 1506 1201 Apostolorumque,
1537 1172 1586 1193 ne-

66 1213 169 1250 glectis
199 1222 319 1249 prorsus
345 1223 426 1243 verae
448 1215 694 1251 interpretationis
720 1216 826 1252 regulis
853 1221 880 1243 et
899 1216 1059 1252 praeceptis
1085 1221 1190 1244 temere
1212 1216 1243 1244 in
1264 1224 1331 1244 suas
1351 1223 1446 1252 partes
1471 1216 1585 1244 trahen-

66 1270 131 1300 tes,
162 1265 192 1293 in
219 1265 483 1301 illudpraesertim
509 1266 631 1302 intenti,
660 1273 692 1295 ut
719 1267 753 1296 ab
784 1268 915 1302 imperita
945 1267 1090 1303 plebicula
1117 1267 1276 1303 probentur
1301 1272 1329 1294 et
1358 1267 1527 1301 laudentur,
1557 1272 1585 1294 et

69 1324 265 1353 quoscunque
288 1318 426 1353 possint,
455 1325 505 1353 per
529 1318 744 1352 adulationem,
771 1318 924 1347 blanditias
950 1325 978 1348 et
1004 1318 1228 1347 assentationem
1258 1318 1289 1346 in
1315 1325 1382 1346 suas
1405 1324 1499 1353 partes
1525 1323 1583 1345 tra-

69 1368 158 1403 hant,
189 1368 299 1404 quibus
325 1375 418 1397 tamen
445 1377 475 1397 ea
501 1375 612 1398 tantum
640 1375 720 1406 parte
742 1370 880 1399 inservire
906 1371 1060 1405 studeant,
1088 1371 1120 1399 in
1141 1375 1281 1406 quantum
1306 1369 1335 1398 id
1358 1368 1422 1397 suis
1445 1368 1530 1396 rebus
1550 1374 1578 1396 et

65 1420 228 1449 commodis
249 1420 434 1455 profuturum
462 1420 602 1457 judicent.

105 1471 179 1500 Tale
202 1471 384 1507 principatus
410 1477 437 1500 et
463 1471 576 1507 imperii
597 1472 726 1500 studium
750 1472 851 1501 Petrus
870 1481 929 1501 non
951 1474 1045 1501 solum
1067 1473 1097 1501 in
1115 1472 1283 1500 universum
1309 1470 1507 1507 reprehendit,
1529 1470 1579 1498 sed

65 1522 100 1551 ab
123 1530 158 1551 eo
184 1522 321 1550 sectando
343 1523 469 1558 graviter
492 1529 614 1558 avocat‚
635 1523 770 1551 nimirum
798 1524 941 1552 monendo
965 1530 992 1552 et
1018 1523 1198 1552 exhortando
1227 1523 1256 1552 id
1275 1531 1382 1559 agens,
1406 1528 1439 1550 ut
1463 1528 1578 1550 contra-

62 1573 104 1602 ria
121 1573 215 1602 studia
232 1574 428 1602 commendet.
471 1574 621 1602 Neminem
644 1581 741 1610 certe,
761 1574 809 1603 cui
831 1574 992 1612 Religionis
1010 1574 1192 1603 Christianae
1215 1581 1367 1611 praecepta
1389 1574 1469 1603 cordi
1486 1579 1573 1608 sunt,

61 1625 202 1662 ejusmodi
220 1624 386 1653 dominandi
400 1625 509 1661 cupido
528 1626 624 1660 decet,
648 1633 720 1660 quae
739 1625 818 1654 vitiis
839 1634 904 1654 curn
929 1627 1046 1655 maxime
1066 1626 1201 1661 turpibus
1226 1625 1370 1654 accenseri
1394 1625 1469 1653 solet
1490 1625 1576 1661 (13).

60 1676 199 1718 Omnium
223 1676 339 1704 minime
371 1675 437 1703 ferri
465 1683 562 1711 potest
590 1676 659 1704 haec
684 1677 770 1704 animi
794 1678 965 1713 perversitas
983 1677 1013 1706 in
1031 1677 1087 1712 iis,
1109 1685 1233 1713 quornm
1260 1685 1290 1704 ea
1316 1683 1359 1704 est
1382 1676 1509 1704 muneris
1527 1683 1574 1704 ra-

60 1727 122 1762 tio,
145 1733 176 1755 ut
202 1727 331 1763 magistri
356 1728 415 1756 sint
439 1727 586 1755 doctrinae
611 1728 811 1763 Christianae,
832 1729 917 1765 cujus
942 1729 1010 1757 haec
1033 1729 1125 1764 prima
1148 1735 1191 1757 est
1215 1729 1282 1763 lex,
1305 1735 1336 1756 ut
1356 1735 1457 1756 omnes
1482 1735 1512 1755 se
1534 1726 1577 1754 in·

60 1779 150 1808 vicem
181 1779 275 1806 eodem
300 1779 365 1807 loco
391 1778 512 1806 habeant
537 1787 563 1807 er
591 1777 723 1807 fraternis
753 1780 859 1807 studiis
884 1786 1119 1815 prosequantur,
1149 1787 1226 1814 quos
1255 1781 1324 1808 adeo
1350 1784 1486 1815 oportet,
1516 1785 1577 1805 mo-

61 1830 167 1860 destiae
192 1835 221 1858 et
252 1830 358 1860 amoris
384 1830 489 1860 sinceri
524 1830 655 1866 exemplo
683 1830 818 1859 omnibus
851 1830 1022 1867 disciplinae
1052 1830 1115 1859 suis
1138 1831 1269 1860 alumnis⁴
1288 1830 1407 1867 praeire.
1455 1830 1575 1858 Diserta

1522 1880 1580 1908 huc

95 1957 174 1991 (¹3)
200 1958 274 1983 Vitld.
298 1959 356 1983 loca
378 1958 444 1985 Phil.
459 1959 499 1986 11:
517 1965 550 1990 3,
569 1966 595 1991 4.
617 1958 699 1987 Rom„
717 1959 787 1986 xit:
804 1965 818 1990 3
838 1964 863 1983 et
886 1958 958 1985 conf.
977 1958 1006 1985 F.
1025 1967 1050 1985 ν.
1069 1958 1205 1985 Reinhard
1221 1959 1246 1985 in
1264 1957 1424 1991 Clm'sselzjke
1441 1956 1578 1988 chcleer.

64 2004 98 2032 T.
118 2005 153 2031 ll.
177 2012 234 2037 pag.
250 2006 309 2031 236.
784 2033 789 2036 .

833 2039 857 2068 E
881 2046 898 2067 2
