1946 2517
302 146 337 167 12
607 129 979 164 GUILIELMI
1038 128 1537 161 WE‘NCKEBACH‘:

302 218 406 248 bolrllii
426 224 453 246 et
474 216 682 254 Gocdekt'ngii,
711 222 825 244 auctore
847 215 909 244 viro
934 215 990 242 ccl.
1012 212 1175 242 Ramondio
1196 213 1281 250 (ι),
1312 212 1460 249 rejicienda
1486 219 1550 243 est:
1583 213 1608 242 si
1631 213 1705 242 enim
1731 213 1808 242 lente

303 279 337 300 ex
355 269 406 299 tali
423 269 584 297 barometro
602 268 690 296 effluit
706 266 862 295 mercurius
877 274 926 301 per
944 272 1102 301 aperturam
1128 266 1289 300 lateralem,
1311 266 1377 300 plus
1399 265 1552 300 mercurii,
1574 273 1657 300 quam
1676 273 1726 301 par
1740 270 1804 300 est,

306 322 350 352 sin
368 320 516 355 celeriter,
538 319 655 354 minus,
677 326 761 353 quam
780 322 914 352 oportet,
936 316 1060 344 excidet.
1102 317 1144 345 De
1161 317 1196 345 iis
1216 316 1358 344 methodis
1371 336 1381 351 ,
1404 316 1432 345 in
1451 316 1556 352 quibus
1576 316 1726 345 adhibetur
1744 316 1808 352 pin-

306 373 390 406 nula,
416 372 488 399 idem
509 370 554 398 vir
572 368 783 397 eruditissimus
805 367 872 403 (2)
891 366 970 402 eligit
997 367 1204 402 posteriorem:
1228 367 1298 396 dicit
1323 366 1413 402 enim,
1438 366 1568 401 quamvis
1597 367 1675 402 prior
1696 365 1818 396 facilior>

308 423 365 457 sit,
383 421 568 458 posteriorem
584 427 678 448 tamen
695 418 784 455 magis
799 425 955 446 accuratam
972 426 1033 446 esse
1044 438 1054 454 ,
1076 426 1161 454 atque
1174 419 1333 447 barometra
1352 419 1526 448 Fortim'ana
1542 424 1708 454 propterea,
1730 417 1810 452 quod

303 474 359 502 hoc
376 473 462 501 modo
481 476 649 500 constructa
666 476 766 505 sum,
779 469 887 504 optima
907 477 969 498 esse
987 477 1020 498 ex
1044 470 1180 499 omnibus
1204 470 1371 500 barometris
1397 470 1504 506 pyxide
1520 469 1686 499 instructis.
1708 494 1710 496 ,
1727 468 1804 497 cum

303 533 336 553 eo
363 531 456 552 tamen
479 530 538 551 non
562 523 600 550 in‘
616 521 766 550 hacnlaude
783 521 928 550 consentit
943 521 1097 560 Roget-us,
1120 527 1262 558 geometra
1285 521 1425 550 Helvetus
1447 521 1534 557 (3),
1560 519 1610 555 qui
1628 519 1718 554 dicit,
1739 519 1808 547 haec

306 576 466 604 barometra
484 573 647 610 praegravia
662 579 689 601 et
705 568 829 601 tractatu
845 572 1013 601 difficillima<
1024 582 1087 602 esse
1099 593 1110 608 ,
1130 581 1217 609 seque
1240 573 1304 601 ideo
1321 573 1419 609 potius
1436 573 1602 602 adhibuisse
1616 573 1821 601 barometrum·

300 626 394 653 minus
423 624 537 660 quidem
556 624 733 660 perfectum,
756 624 848 652 multo
873 631 940 652 vero
959 625 1049 660 magis
1078 624 1228 653 itineribus
1249 624 1438 660 adaptatum,
1465 624 1501 653 ab
1527 624 1633 652 artifice
1655 622 1812 660 Tigurensi

300 677 386 704 Ossia
403 675 581 705 confectum.
623 675 758 704 Fortasse
776 681 804 702 et
820 673 984 710 antiquiora
1005 676 1054 703 illa
1083 675 1302 712 Lichtcnhergii
1323 682 1350 704 et
1368 676 1481 713 Voigtr'i
1498 675 1676 710 barometra‚
1696 676 1726 704 in
1744 675 1809 712 qui-

296 727 351 756 bus
369 727 484 755 Primii
499 727 628 756 inventio
647 727 773 756 adhibita
791 732 834 755 est
846 745 856 760 ‚
878 733 938 754 non
957 726 1110 764 rejicienda
1139 732 1228 761 sunt,
1250 726 1276 754 si
1290 727 1331 754 ita
1346 725 1457 754 'confici
1482 732 1627 761 possunt,
1648 732 1680 754 ut
1703 727 1810 756 diame-

300 785 343 807 ter
361 779 476 814 pyxidis
494 778 565 806 satis
583 779 670 814 longa
687 778 745 813 sit,
766 778 875 813 absque
892 786 926 806 eo
954 783 987 806 ut
1006 778 1110 814 major⁴
1124 776 1174 806 fiat
1189 798 1198 813 ‚
1222 785 1305 814 quam
1329 778 1358 806 in
1379 777 1526 813 portativo
1552 778 1712 806 barometro
1729 786 1810 807 com·

301 830 384 858 mode
401 829 459 857 fieri
477 830 590 865 possit:
611 829 667 857 hoc
687 834 762 857 certe
780 829 896 857 nomine
913 819 1046 858 Fortim't‘
1064 829 1232 858 baromctris
1248 829 1316 857 mihi
1336 835 1479 864 praestare
1494 827 1646 864 videntur,
1667 829 1746 864 quod
1767 828 1810 858 fa-

301 881 389 909 cilius
407 881 436 908 in
454 879 489 908 iis
517 877 685 915 superficies
704 880 842 909 vmercurii
868 877 902 909 ad
924 880 1136 908 determinatam
1156 879 1337 908 altitudinem
1348 879 1450 907 ‘reduci
1467 879 1581 915 possit:
1609 880 1638 908 in
1660 879 1709 908 his
1735 881 1810 909 enim

303 932 422 960 cochlea
442 937 553 972 tantum
583 932 714 973 deorsum
743 932 881 961 movenda
906 931 1079 967 est⁷„d0nec
1102 939 1161 960 non
1181 931 1304 967 amplius
1334 931 1439 958 moveri
1462 930 1574 966 possit,
1597 936 1624 958 et
1648 931 1706 968 jam
1732 933 1809 961 scala

305 990 399 1012 veram
419 982 557 1011 indicabit
580 982 754 1011 mercurialis
771 971 922 1012 columnae
938 982 1136 1010 altitudinem:
1159 987 1258 1009 contra
1276 981 1306 1009 in
1325 980 1500 1009 Fertinium
1525 979 1685 1009 barometro
1701 982 1807 1018 longus

304 1042 375 1063 usus
393 1034 568 1070 requiritur,
589 1041 740 1070 antequam
758 1042 928 1074 persuasum
947 1041 1010 1068 esse
1028 1033 1144 1069 possit,
1175 1031 1306 1059 mercurii
1332 1030 1513 1060 altitudinem
1541 1039 1650 1068 semper
1673 1038 1806 1061 accurate

300 1093 415 1121 tangere
441 1085 576 1120 pinnulae
599 1085 820 1114 extremitatem:
844 1084 895 1112 sed
917 1085 942 1112 is
960 1079 1070 1112 tantum
1099 1082 1233 1111 absolute
1251 1081 1342 1110 dicere
1365 1082 1481 1119 possit,
1496 1076 1639 1117 ¹quaenam
1659 1082 1800 1112 variarum

302 1134 468 1164 istiusmodi
488 1135 762 1170 constructionum,
784 1127 819 1163 de
844 1129 955 1174 quibus
971 1133 1080 1162 dictum
1102 1128 1161 1169 est,
1185 1131 1295 1170 optima
1317 1131 1376 1169 sit,
1398 1130 1449 1168 qui
1470 1131 1520 1162 diu
1542 1130 1681 1162 variarum
1699 1132 1808 1163 forma·

301 1194 364 1215 rum
381 1186 532 1215 commoda
547 1192 574 1214 et
587 1186 767 1216 incommoda
785 1194 841 1214 usu
855 1175 1054 1222 cognoverit.>
1154 1176 1157 1179 ”

340 1238 451 1267 Praeter
471 1245 625 1266 memorata
645 1243 713 1266 sunt
733 1242 759 1265 et
778 1236 831 1270 alia
845 1236 1022 1271 barometta,
1045 1236 1074 1264 in
1087 1235 1194 1271 quibus
1213 1237 1324 1265 nullum
1342 1236 1397 1265 tale
1411 1235 1563 1265 artificium
1580 1236 1752 1273 adhibetur,
1771 1237 1808 1267 ad

301 1289 487 1318 reducendam
508 1288 641 1318 mercurii
659 1287 840 1324 superficiem
853 1287 888 1316 ad
907 1286 980 1320 illud
996 1288 1247 1324 punctum,unde
1268 1289 1361 1317 scalae
1376 1287 1489 1317 initium
1506 1288 1613 1317 factum
1631 1295 1695 1318 est:
1713 1289 1742 1318 in
1761 1289 1808 1319 his

300 1339 361 1368 sive
384 1345 427 1367 est
444 1347 499 1368 una
516 1347 530 1367 e
545 1339 682 1367 lateribus
707 1338 822 1374 pyxidis
848 1338 955 1373 vitrea,
978 1337 1067 1373 inque
1087 1345 1118 1366 ea
1135 1339 1231 1373 scala,
1256 1347 1311 1374 qua
1327 1329 1503 1367 determinari
1526 1339 1643 1375 possit,
1666 1346 1806 1375 quantum

303 1397 390 1426 supra
407 1388 550 1432 autwinfra
568 1390 641 1418 illud
666 1397 806 1425 punctum
833 1395 890 1418 stet
908 1384 1076 1424 superficies
1087 1390 1238 1426 mercuriig
1262 1391 1322 1418 sive
1338 1395 1524 1426 computatur
1540 1389 1626 1427 hujus
1644 1391 1806 1427 superficiei

304 1443 459 1471 adscensus
476 1448 503 1469 et
521 1441 697 1481 descensus,
720 1440 878 1469 secundum
899 1440 1030 1468 mercurii
1052 1439 1081 1468 in
1101 1440 1173 1469 tubo
1188 1431 1386 1480 mutationes,
1406 1449 1440 1469 ex
1468 1441 1578 1479 ratione
1603 1442 1807 1473 diametrorum

302 1493 366 1522 tubi
383 1501 411 1521 et
435 1491 549 1529 pyxidis
562 1511 572 1527 ,
594 1481 643 1519 'uti
663 1491 861 1520 llamiltonius
880 1491 970 1526 fecit,
991 1491 1071 1526 quod
1090 1491 1202 1526 quidem
1220 1492 1312 1520 tutius
1330 1497 1373 1520 est
1397 1492 1492 1527 priore
1516 1491 1644 1528 ratione,
1665 1493 1732 1528 quia
1755 1494 1811 1523 ob·

305 1546 429 1575 servatio
455 1545 545 1582 magis
567 1544 640 1574 vitio
657 1544 781 1573 obnoxia
799 1550 841 1573 est
869 1552 953 1580 quam
975 1544 1125 1573 calculus:
1155 1549 1295 1579 praeterea
1316 1542 1446 1571 calculus
1466 1542 1512 1570 hic
1536 1543 1598 1571 sine
1621 1544 1680 1572 ullo
1705 1545 1803 1577 labore

303 1598 490 1632 instituetur,
505 1596 529 1624 si
546 1596 582 1625 ad
596 1595 762 1624 diametrum
784 1595 847 1623 tubi
866 1595 1001 1624 diameter
1015 1595 1138 1631 cylindri
1154 1594 1192 1622 ita
1206 1600 1355 1630 sumatur,
1377 1600 1409 1622 ut
1425 1593 1598 1622 mutationes
1614 1594 1644 1622 in
1660 1597 1732 1626 tubo
1749 1599 1810 1629 sint

305 1649 412 1678 centies
427 1649 545 1684 majores
565 1646 773 1675 mutationibus
788 1647 818 1674 in
841 1645 962 1682 pyxide:
987 1645 1006 1674 i.
1026 1653 1048 1674 e.
1061 1665 1072 1680 ,
1094 1652 1183 1680 quum
1207 1636 1379 1672 mutationes
1395 1644 1425 1672 in
1441 1650 1564 1679 utroque
1585 1645 1692 1674 ratione
1717 1648 1809 1678 inver-
1826 1680 1827 1684 ,

303 1709 334 1730 sa
356 1697 593 1739 superficierum,
627 1704 654 1726 et
673 1696 838 1734 superficies
861 1697 1035 1726 circulorum
1059 1696 1094 1724 ad
1113 1703 1142 1724 se
1168 1695 1288 1724 invicem
1314 1694 1392 1730 sint,
1422 1696 1464 1723 uti
1488 1694 1624 1731 quadrata
1644 1698 1810 1737 radiorum,

1780 1751 1810 1781 R

332 1845 345 1872 (
356 1844 385 1870 ι)
406 1842 473 1866 conf.
488 1842 537 1868 ejus
552 1847 608 1870 opus
625 1843 765 1870 palmarium.
785 1843 920 1872 inscriptum
934 1842 1052 1864 Mimot'res
1068 1842 1111 1864 'sar
1127 1843 1150 1864 la
1166 1842 1264 1871 firmate
1279 1840 1452 1869 Bar-numque
1469 1841 1493 1862 le
1516 1841 1539 1862 Ιι
1555 1840 1690 1869 Minusque
1710 1843 1808 1875 ellam,
1822 1843 1825 1845 ’

304 1888 419 1910 clermont
440 1885 551 1910 ferrand,
574 1886 636 1905 1811.
660 1892 684 1912 p.
701 1890 736 1910 71.

333 1928 380 1955 (ε)
403 1927 473 1948 Libro
489 1926 593 1950 laudato,
614 1931 635 1951 p.
652 1929 701 1953 193.

334 1967 382 1994 (3)
405 1968 456 1989 ἰ’ὲὼ
480 1965 638 1989 ffihlz'ozhc-q-„e
655 1966 809 1994 mirumst,
830 1966 880 1995 Juin
898 1967 961 1990 1821.
981 1973 1005 1995 p,
1021 1971 1068 1992 tos·
