1946 2517
317 172 354 208 64
722 164 1056 199 GULIELMI
1113 152 1415 197 DELPRAT

325 257 371 284 lor
391 254 422 283 ob
441 254 578 284 delictum
593 274 602 289 ,
622 252 734 292 pudor,
757 252 801 280 sui
823 252 915 286 ipsius
933 248 1151 282 condemnatio,
1173 250 1267 278 omnia
1289 250 1401 279 demum
1416 271 1425 287 ‚
1447 258 1517 286 quae
1536 249 1636 282 animo
1652 249 1820 287 incorrupto

324 305 477 341 accidunt,
497 304 631 341 explicari
653 312 709 332 non
730 308 868 338 possent,
891 302 947 330 nisi
971 300 1126 328 libertatem
1147 300 1312 330 haberemus
1336 302 1378 339 (1
1393 303 1420 339 ).

372 355 504 384 Libertas
521 363 564 384 est
580 355 668 391 igitur
683 354 772 390 legis,
793 361 877 387 quam
896 351 1052 388 novimus,
1075 353 1189 381 moralis
1206 355 1336 384 conditio
1359 357 1442 391 (τως
1467 363 1494 384 et
1515 355 1650 392 quoniam
1667 355 1827 384 necessario

334 409 521 443 postulatur,
544 406 665 435 libertas
684 405 790 434 dicitur
812 405 840 433 in
869 404 1007 432 Kantiana
1027 404 1132 432 Schola
1146 406 1324 442 postulatum
1348 406 1468 435 rationis
1494 406 1647 442 practicae.
1686 406 1774 434 Porro
1796 405 1830 433 li·

330 459 424 486 bertas
450 458 639 492 absolutaque
672 457 717 484 lex
744 455 869 491 practica
901 461 1005 483 mutuo
1036 463 1067 483 se
1099 455 1220 483 invicem
1251 456 1508 493 demonstraiit(3
1519 458 1555 493 >3
1586 457 1655 485 adeo
1681 462 1714 484 ut
1741 463 1835 491 neque

334 509 378 536 lex
403 508 519 536 moralis
542 508 604 536 sine
631 506 759 535 libertate
786 507 894 534 assumi
920 505 1034 541 possit,
1065 513 1157 540 neque
1179 505 1293 534 libertas
1317 507 1380 536 sine
1400 509 1459 544 lege
1479 507 1577 536 morali
1598 507 1677 544 (4).

369 559 432 596 Jatn
458 559 491 586 dc
514 558 639 594 ipsarum
665 557 783 586 rationis
810 556 954 590 practicae
979 556 1072 591 legum
1099 561 1199 583 natura
1224 556 1376 585 videndum
1396 564 1452 588 est.

373 609 518 646 Quoniam
541 610 613 637 ratio
638 609 784 644 practica,
806 608 886 635 nulla
912 614 1092 635 exteinorum
1120 607 1230 636 ratione
1255 607 1370 644 habita,
1391 609 1568 637 voluntatem
1597 614 1722 638 nostram
1745 607 1835 645 regit,

333 668 370 688 ex
396 668 426 688 se
447 661 510 696 ipsa
532 661 623 697 legem
647 658 790 695 depromit
812 658 892 694 (5).
934 657 1032 686 Homo
1063 658 1152 694 igitur
1181 668 1237 694 qua
1256 667 1305 688 ens
1331 660 1484 695 rationale,
1506 669 1561 696 qua
1585 660 1693 689 ratione
1715 659 1840 695 practica

333 711 479 747 praeditus
499 710 555 739 sibi
579 711 641 745 ipse
665 711 812 746 legislator
832 716 875 738 est
895 710 976 748 (6).
1018 711 1080 747 (ld
1098 709 1222 738 Kantius
1243 717 1424 739 antonomum
1445 718 1472 739 et
1497 714 1691 739 autonomiam
1717 711 1839 746 vocat).

376 763 452 790 Haec
483 762 649 790 autonomia
677 768 720 789 est
751 761 970 789 fundamentum
994 761 1142 796 dignitatis
1171 767 1198 788 et
1225 760 1364 789 humanae
1393 762 1536 798 cujtisque
1563 768 1679 790 naturae
1709 761 1843 789 rationis-

335 822 391 848 que
414 814 494 851 (7).
542 813 718 842 Autonomia
744 813 904 841 voluntatis
932 820 1019 841 unum
1052 819 1096 841 est
1124 812 1298 848 principium
1331 812 1459 841 omnium
1486 813 1579 849 legum
1608 812 1757 841 moralium
1781 811 1842 840 offi-

336 864 507 900 ciorumque
530 865 565 893 iis
591 864 844 893 convenientium:
866 870 966 893 contra
987 864 1118 893 universa
1139 864 1336 892 heteronomia
1355 863 1405 901 (i.
1423 871 1447 893 e.
1469 871 1602 899 externa,
1623 864 1658 891 ab
1683 863 1739 891 alio
1758 871 1843 899 quam

339 924 355 942 a
380 923 409 943 se
433 917 500 952 ipso
526 922 641 951 accepta
667 914 835 951 legislatio)
868 914 978 943 arbitrii
1001 915 1109 943 nullam
1138 922 1259 950 prorsus
1284 914 1488 950 obligationem
1515 914 1691 950 constituit,
1721 914 1772 943 sed
1793 922 1846 950 po-

339 966 398 994 tius
430 967 572 995 contraria
605 972 648 994 est
684 965 828 1001 principio
859 965 959 1001 illius,
988 965 1201 1002 moralitatique
1233 967 1400 1005 &voluntatis
1429 967 1512 1003 (8).
1567 966 1601 995 ln
1632 965 1847 1002 independentia

341 1017 453 1045 scilicet
475 1017 509 1044 ab
529 1017 608 1045 omni
630 1015 701 1052 legis
729 1016 845 1044 materia
865 1017 994 1053 (nempe
1019 1016 1132 1053 objecta
1160 1024 1189 1044 re
1210 1016 1389 1053 desidet-atii)
1411 1023 1438 1044 et
1459 1017 1545 1045 simul
1562 1017 1593 1046 in
1616 1016 1851 1045 determinatiore

341 1067 453 1095 arbitrii
480 1075 531 1103 per
553 1067 644 1095 solam
673 1066 792 1095 formam
818 1067 1023 1102 legislatoriam
1053 1068 1261 1102 universalem,
1289 1069 1337 1096 cui
1361 1069 1405 1096 lex
1432 1068 1593 1104 subjectiva
1618 1073 1683 1103 apta
1712 1075 1773 1096 esse
1801 1067 1849 1096 de-

338 1119 410 1155 bet,
431 1126 520 1147 unum
546 1118 722 1155 principium
743 1117 874 1154 positum
900 1123 944 1146 est
969 1119 1137 1146 moralitatis
1159 1119 1233 1155 (9).
1274 1117 1419 1156 Quoniam
1447 1127 1534 1154 porro
1559 1119 1631 1147 ratio
1652 1118 1778 1154 practica
1797 1127 1852 1147 ou.

343 1177 466 1200 tonomos
494 1176 559 1205 est,
589 1177 649 1198 non
679 1169 714 1198 ab
746 1167 903 1204 extermis,
933 1169 1128 1198 materialibus
1152 1176 1202 1199 aut
1230 1169 1375 1205 empiricis
1401 1168 1573 1206 principiis,
1603 1169 1654 1198 sed
1678 1177 1695 1198 a
1724 1170 1785 1199 sola
1806 1169 1853 1198 sui

338 1219 432 1250 forma
452 1221 556 1257 pendet
576 1221 680 1258 (io).

1789 1272 1811 1302 F
1814 1281 1861 1302 or-

345 1372 421 1398 quam
442 1372 467 1392 et
484 1373 530 1399 per
547 1368 608 1393 illud
625 1369 778 1395 manifestius
798 1370 870 1395 etiam
886 1370 995 1395 hominis
1012 1371 1112 1396 libertas
1128 1370 1318 1395 demonstratur.
1355 1368 1394 1394 De
1411 1367 1508 1393 mundis
1527 1367 1572 1393 illis
1590 1376 1614 1396 v.
1636 1368 1700 1393 Kant
1719 1374 1779 1395 met.
1796 1374 1859 1393 mor.

344 1419 372 1444 p.
391 1419 439 1444 330
460 1419 484 1438 et
503 1420 564 1445 332.
582 1413 619 1439 cf.
638 1415 704 1440 Crit.
723 1416 796 1446 Mag.
814 1416 847 1441 V.
864 1415 914 1447 267
933 1424 990 1448 sqq.

379 1457 396 1490 (
409 1457 447 1492 1)
466 1458 531 1485 Crit.
551 1459 623 1491 Mag.
641 1460 673 1486 V.
692 1466 852 1493 271—275.
1040 1457 1108 1494 (2)
1128 1461 1194 1486 Kant
1214 1459 1296 1492 praef.
1313 1458 1342 1484 ad
1357 1458 1413 1484 crit.
1431 1463 1476 1484 rat.
1494 1464 1534 1490 pr.
1557 1464 1585 1489 p·
1603 1455 1652 1484 VI.

379 1503 444 1538 (3)
464 1505 530 1531 Crit.
547 1511 593 1532 rat.
611 1513 649 1538 pr.
674 1513 701 1538 p.
721 1507 762 1532 18.
781 1512 805 1532 et
824 1515 852 1533 v.
867 1507 943 1533 Hem.
960 1508 1017 1533 crit.
1035 1513 1102 1538 mag.
1119 1507 1153 1533 V.
1171 1513 1232 1539 272.

382 1547 448 1582 (4)
466 1551 507 1577 De
524 1558 577 1583 quo
594 1551 669 1577 etiam
687 1553 815 1584 praeclare
833 1554 971 1579 Ancillon=
988 1553 1071 1586 quand
1091 1560 1156 1580 vous
1175 1553 1255 1579 cedez
1273 1554 1287 1578 a
1308 1552 1422 1584 l'empire
1441 1551 1484 1576 des
1507 1551 1638 1584 passions‚
1656 1551 1680 1576 le
1699 1551 1816 1578 desordre
1833 1551 1865 1578 de

348 1602 423 1622 vntre
441 1603 520 1622 coeur
535 1603 566 1621 ne
585 1606 650 1624 vous
667 1598 741 1624 dit-il
757 1607 801 1632 pas
819 1600 924 1632 qu'elles
945 1607 989 1626 ont
1008 1601 1103 1634 usurpe
1125 1602 1147 1626 le
1163 1600 1273 1633 pouvoir
1295 1598 1326 1624 de
1348 1599 1370 1623 la
1387 1598 1484 1629 raison,
1504 1604 1529 1623 et
1547 1597 1651 1630 qu'elles
1671 1605 1735 1624 vous
1755 1599 1865 1624 tiennent

350 1642 410 1668 dans
426 1644 461 1668 les
479 1643 602 1669 chalmes?
629 1643 666 1669 Le
680 1645 789 1669 remords
805 1647 848 1677 qui
863 1653 928 1671 vous
949 1647 1017 1678 agite
1038 1655 1069 1673 ne
1090 1654 1156 1672 vous
1174 1644 1323 1679 apprend-il
1342 1652 1386 1677 pas
1400 1651 1462 1670 avec
1481 1644 1552 1670 force
1571 1651 1621 1676 que
1638 1651 1702 1670 vous
1718 1650 1779 1670 avez
1797 1645 1867 1670 viole

352 1689 444 1714 l'ordre
461 1696 487 1715 et
505 1697 555 1722 que
571 1697 636 1715 vous
654 1691 707 1716 etes
724 1697 756 1715 un
775 1692 828 1716 ἐπε
846 1690 992 1718 denatum-,2
1010 1693 1090 1724 Non,
1107 1693 1227 1717 l'liomme
1244 1691 1307 1717 u'est
1323 1692 1443 1716 vraiment
1463 1690 1524 1715 libre
1542 1697 1592 1722 que
1610 1690 1723 1722 lorsqu’il
1740 1691 1866 1721 emente,

354 1736 453 1761 snt-ce
474 1743 505 1761 en
525 1736 683 1767 stemissant,
701 1737 736 1761 les
755 1736 830 1762 ari-ets
848 1737 879 1762 de
903 1739 925 1763 la
944 1739 1116 1768 conscience,
1141 1743 1167 1762 et
1188 1738 1204 1762 il
1225 1737 1288 1762 n'est
1309 1738 1367 1769 plus
1391 1736 1468 1769 qu'un
1492 1736 1526 1761 vil
1553 1735 1653 1761 esclave
1670 1735 1715 1761 des
1735 1736 1796 1768 qu'il
1817 1736 1867 1762 snit

354 1779 464 1805 d'autres
484 1783 646 1815 impulsions‚
665 1783 813 1808 conruit-il
832 1790 863 1808 au
884 1783 974 1809 devant
991 1785 1034 1810 des
1051 1784 1103 1809 sei-s
1122 1790 1184 1809 avec
1202 1789 1259 1809 tous
1277 1784 1312 1809 les
1330 1783 1414 1816 signes
1432 1782 1465 1808 du
1480 1782 1575 1815 plaisir.

390 1826 451 1860 (5)
470 1828 541 1854 Crit.
558 1837 623 1861 mag.
642 1830 663 1856 l.
686 1837 730 1863 ¹5¹
751 1837 775 1855 et
793 1837 852 1863 179·
889 1831 953 1856 Kant
971 1832 1029 1857 crit.
1047 1837 1093 1857 rat.
1112 1837 1150 1863 pr.
1177 1838 1204 1863 p.
1222 1838 1265 1857 20.

389 1872 455 1907 (6)
475 1875 538 1902 Crit.
556 1882 621 1907 mag.
640 1875 661 1901 l.
682 1881 746 1908 151,
766 1883 832 1908 137,
848 1883 916 1909 257,
935 1883 993 1908 259.
1021 1877 1053 1903 V.
1072 1883 1138 1910 235,
1156 1882 1214 1908 255.
1385 1873 1448 1909 (7)
1470 1874 1533 1900 lis-nt
1551 1880 1611 1900 met.
1631 1881 1695 1901 mot.
1713 1880 1772 1906 313.

391 1920 455 1955 (8)
474 1922 520 1949 Cf.
539 1930 600 1950 met.
619 1930 683 1949 mor.
705 1931 732 1955 p.
747 1929 798 1954 319
815 1923 848 1948 ibi
869 1923 900 1948 de
919 1924 1090 1949 heteronomia
1113 1925 1163 1956 :igit
1180 1930 1206 1948 ut
1226 1922 1295 1948 fonte
1323 1923 1434 1948 omnium
1455 1921 1596 1952 spuriorum
1619 1921 1760 1946 moralitatis
1777 1921 1871 1955 princi-

360 1966 470 1998 piorum.
656 1966 723 2003 (9)
743 1969 808 1995 Kant
825 1969 892 1996 Crit.
913 1975 958 1996 tat.
974 1977 1012 2002 pr.
1038 1977 1063 2002 p.
1081 1977 1112 1995 22
1129 1974 1154 1994 et
1166 1973 1208 2000 23·
1377 1965 1454 1998 (ιο)
1473 1967 1537 1991 Crit-
1556 1971 1621 1997 mag.
1637 1966 1660 1993 l.
1679 1973 1733 2007 ,¹⁵²¹
