1946 2517
374 149 412 184 36
597 147 614 172 f
738 143 1115 176 'GULIELMI
1171 143 1473 177 DELPRAT

379 229 426 257 liic
449 229 528 257 adest
552 228 692 258 connexio
717 229 863 264 cuiusdam
891 228 1032 256 Momenn'
1052 226 1248 265 (felicitatis)
1275 235 1341 256 cum
1363 227 1486 271 Actione
1513 227 1686 266 (virtute).
1726 229 1878 267 Propterea

379 287 497 315 quoque
512 279 540 307 in
561 279 615 307 Dei
633 280 780 315 regiminis
802 278 986 307 salubritate
1006 277 1221 307 fundamentum
1240 278 1340 315 posuit
1358 279 1511 315 potestatIs
1531 280 1592 316 ejus
1615 280 1643 308 in
1660 280 1790 310 homines
1811 282 1876 320 (ι).

413 330 475 366 Jam
505 339 571 358 vero
600 330 645 358 hic
671 329 768 358 virtuti
795 336 901 357 certum
927 328 1143 358 fundamentum
1169 338 1225 359 non
1252 330 1348 364 adest,
1370 337 1421 358 nec
1452 329 1626 359 Moralitatis
1650 329 1780 361 firmitas.

379 380 454 410 Nam
482 381 524 409 sic
543 381 624 409 Deus
652 381 734 408 unice
764 381 901 409 colendus
920 379 994 409 foret
1018 381 1127 410 intuitu
1152 380 1337 409 emolumenti
1359 380 1437 417 (2).
1484 381 1626 410 Praeterea
1651 390 1685 410 ex
1710 381 1876 420 hujusmodi

371 432 556 468 -obligatione
582 438 765 467 sequeretur,
795 431 857 460 Deo
882 432 932 468 jus
951 439 1019 461 non
1045 440 1109 461 esse
1132 431 1180 460 illa
1205 430 1435 466 praescribendi,
1464 439 1538 468 quae
1562 439 1664 461 nostro
1688 433 1880 462 emolumento

377 484 422 510 vel
443 480 632 510 indifferentia
655 471 770 517 essent,
791 483 838 511 vel
858 483 947 519 tnagis
966 483 1110 511 tenderent
1136 482 1165 511 in
1187 490 1339 511 commune
1365 490 1449 517 quam
1470 482 1618 518 proprium
1644 484 1878 514 emolumentum.

379 532 479 561 Minor
499 532 573 560 foret
599 532 651 560 Dei
671 532 826 561 auctoritas
844 540 871 561 et
899 540 1025 568 potestas
1049 542 1132 569 quam
1155 533 1304 562 Parentum
1329 539 1356 560 et
1380 533 1618 570 praeceptorum,
1641 542 1763 570 quorum
1783 540 1879 563 tamen

376 583 533 612 auctoritas
559 591 619 611 non
640 589 734 612 cessat
761 591 824 612 cum
847 584 956 619 aliquid
979 584 1073 613 minus
1099 583 1168 611 utile
1192 584 1373 619 praecipiunt
1392 584 1472 619 (3).

415 633 584 669 §cientificd
616 634 697 663 etiam
729 634 836 662 ratione
869 643 1006 671 perpensa
1041 634 1182 670 principia
1213 634 1336 663 Moralia
1369 633 1588 669 Leibnitzianae
1617 636 1740 664 Scholae
1767 643 1879 664 omnem

374 685 567 714 Moralitatem
591 692 715 714 evertere
736 684 884 716 dicuntur.
925 686 1000 717 Nam
1024 685 1090 713 haec
1114 684 1220 714 Schola
1245 685 1345 714 docet:
1367 693 1516 722 propterea
1539 686 1632 714 solum
1658 686 1796 715 internam
1809 683 1880 715 ‘Mo-

375 737 466 764 mle-m
493 736 648 764 bonitatem
679 736 709 766 in
734 735 900 766 actionibus
932 737 1045 771 inesse,
1075 736 1210 771 quoniam
1246 744 1352 772 perse
1384 737 1419 765 ad
1447 736 1800 772 hominisperfectionem
1829 744 1880 766 aut

373 786 535 816 felicitatem
562 786 679 829 faciunt
695 787 779 824 (4),
800 793 828 815 et
851 793 970 823 propter
993 787 1065 816 hanc
1088 787 1224 816 rationem
1249 795 1304 816 nos
1326 786 1449 823 obligari
1469 787 1548 816 nulla
1571 787 1654 817 etiam
1672 787 1725 816 Dei
1747 789 1881 817 volunta·

374 837 412 866 tis
433 838 541 866 ratione
560 838 654 866 habita
676 839 753 874 (5).
1108 871 1113 875 ,

408 890 469 926 Jam
491 897 558 918 vero
582 889 740 925 probarunt
767 888 818 917 vii-i
844 888 923 917 docti
944 889 986 917 sic
1009 888 1164 917 bonitatem
1189 889 1335 926 physicam
1358 889 1470 925 quidem
1485 910 1495 925 ,
1517 889 1663 919 Moralem
1688 897 1754 918 vero
1775 898 1881 925 nequa·

376 948 460 975 quarn
487 939 628 968 constitui
658 940 746 977 (6');
776 948 867 975 neque
898 939 981 967 eiiam
1014 947 1047 967 cx
1081 938 1281 968 Leibnitziana
1312 940 1416 969 Schola
1447 941 1648 978 obligationem
1674 937 1884 970 moralem'ad

369 993 507 1020 virtutem
527 992 616 1020 oriri.

412 1042 485 1070 Nam
506 1043 530 1070 si
551 1048 699 1077 propterea
717 1041 831 1070 virtutis
848 1048 996 1077 praecepta
1013 1042 1183 1076 sequimur,
1205 1048 1237 1069 ut
1255 1041 1416 1069 felicitatem
1436 1042 1502 1078 (uti
1521 1042 1661 1077 praecipit
1679 1041 1878 1071 Leibnitziana

372 1091 496 1128 Schola)
517 1100 722 1127 assequamur,
744 1091 966 1127 felicitatemque
984 1100 1111 1120 nostram
1136 1100 1250 1120 causam
1277 1093 1505 1126 constituimus,
1537 1098 1564 1119 et
1589 1091 1696 1119 fontem
1719 1092 1873 1128 obligatio·

373 1142 441 1178 nis,
463 1142 530 1170 hinc
548 1141 661 1171 ostendi
680 1149 799 1177 posset,
822 1141 923 1170 vitium
946 1142 1061 1179 signum
1079 1143 1192 1179 quidem
1217 1150 1279 1170 esse
1296 1143 1464 1170 stoliditatis
1481 1148 1509 1170 et
1531 1141 1731 1178 indignitatis,
1762 1151 1820 1172 nou
1837 1149 1878 1171 ta-

370 1201 435 1222 men
453 1193 618 1222 Moralitcr
640 1193 744 1222 malum
770 1201 849 1228 esse3
872 1199 901 1221 et
918 1199 951 1221 ut
976 1200 1050 1222 recte
1067 1193 1190 1222 Kantius
1213 1193 1344 1228 monuit,
1370 1193 1425 1220 hoc
1444 1200 1550 1228 pacto,
1571 1193 1729 1222 doctrinam
1751 1193 1878 1222 Virtutis

370 1245 499 1273 converti
521 1245 548 1273 in
575 1244 733 1272 doctrinam
760 1243 900 1278 astutiae,
932 1251 1004 1278 quae
1032 1253 1065 1273 eo
1090 1244 1179 1273 tendit
1204 1251 1237 1272 ut
1258 1244 1344 1272 nobis
1367 1243 1438 1272 bene
1462 1244 1514 1273 sit,
1562 1243 1703 1272 Actiones
1724 1249 1818 1286 autem
1844 1252 1878 1273 eo

369 1300 480 1322 tantum
505 1295 629 1322 consilio
655 1301 781 1330 peractae
805 1301 837 1322 ut
863 1294 948 1322 nobis
968 1295 1039 1323 bene
1063 1295 1120 1330 sit,
1144 1300 1214 1323 sunt
1237 1295 1350 1330 quidem
1375 1295 1496 1331 physice
1521 1295 1631 1331 bonae,
1652 1302 1711 1324 non
1730 1302 1796 1324 vero
1817 1303 1879 1323 mo·

366 1344 478 1383 taliter,
500 1345 554 1372 nisi
582 1345 653 1380 legis
675 1345 787 1373 divinae
815 1345 949 1373 rationem
976 1345 1128 1373 habeamus
1154 1346 1240 1382 (7).

404 1394 468 1424 Imo
496 1395 550 1423 hoc
574 1403 702 1430 eousque
727 1403 822 1423 verum
847 1401 911 1429 est,
933 1402 965 1423 ut
988 1395 1109 1424 libenter
1134 1397 1347 1429 concedamus,
1378 1395 1407 1423 in
1433 1395 1512 1423 bono
1540 1395 1684 1424 actionum
1714 1402 1874 1424 nostrarum

364 1444 510 1483 physico,
533 1446 668 1474 rationem
696 1453 779 1481 esse,
801 1453 852 1474 cur
871 1446 949 1475 Deus
974 1446 1044 1475 alias
1068 1447 1210 1483 vetuerit,
1230 1447 1300 1475 alias
1329 1446 1467 1484 Jusserit‚
1488 1445 1680 1475 nihilominus
1698 1452 1790 1475 tamen
1809 1446 1875 1475 haec

560 1504 563 1505 ⁷
620 1505 622 1507 ·
1832 1505 1878 1527 rn-

396 1579 463 1613 (2)
482 1580 562 1607 Conf.
584 1581 617 1607 cl.
634 1589 660 1607 v.
680 1581 706 1607 d.
719 1582 870 1614 virginium-sse
893 1583 911 1609 l.
929 1583 948 1609 l.
968 1582 993 1615 §.
1010 1589 1067 1614 133.

351 1656 354 1658 ,
390 1625 408 1659 (
419 1633 433 1658 ³
449 1626 463 1659 )
480 1645 499 1657 ,‚
512 1627 650 1659 Epicurum
667 1628 856 1659 quodammodo
877 1629 993 1660 olfacere*
1003 1628 1102 1657 videtur
1116 1627 1291 1660 Leibuitziana
1306 1627 1398 1654 Schola
1409 1625 1442 1652 :''
1461 1626 1494 1651 ait
1512 1626 1644 1659 Dryfhout
1663 1627 1688 1652 in
1706 1625 1811 1652 Dissert.
1827 1627 1874 1653 cit.

343 1673 387 1705 .§.
407 1680 448 1705 27.
473 1673 539 1705 apud
559 1674 616 1700 clar.
638 1673 827 1706 Tydemannum
840 1693 851 1708 ,
867 1683 893 1707 p.
913 1676 971 1701 161.
1399 1669 1402 1672 ’

393 1716 431 1750 (1
446 1717 460 1751 )
480 1718 560 1744 Conf.
581 1719 712 1750 Drythout
730 1728 753 1744 in
770 1721 838 1746 Diss.
856 1722 873 1747 l.
895 1721 919 1754 §.
940 1727 980 1753 15.
1005 1720 1070 1753 apud
1087 1722 1121 1747 cl.
1139 1721 1328 1754 Tydemannum
1340 1738 1347 1750 ,
1366 1726 1392 1751 p.
1411 1725 1468 1750 143·

391 1762 458 1797 (α)
478 1763 502 1789 Si
522 1766 634 1790 actiones
651 1766 679 1790 ad
698 1766 882 1797 perfectionem
909 1774 1016 1792 nostram
1041 1773 1171 1800 statusque
1192 1768 1269 1793 nostri
1289 1774 1333 1800 per
1355 1773 1381 1791 se
1403 1765 1508 1790 tendunt
1531 1771 1574 1789 scu
1598 1771 1643 1789 nos
1658 1769 1798 1796 statumque
1816 1769 1873 1788 nos-

359 1815 424 1835 trum
440 1809 574 1841 perficiunt
587 1812 724 1836 bonitatem
741 1814 904 1838 intrinsecam
920 1813 995 1839 habet
1008 1820 1032 1839 et
1049 1820 1136 1839 contra
1151 1823 1177 1840 v.
1191 1814 1267 1839 Wolf
1285 1813 1348 1840 Phil.
1370 1813 1454 1839 Prvcu
1476 1812 1496 1837 1·
1521 1811 1546 1842 ἓ·
1567 1817 1624 1841 103·

395 1853 460 1888 (3)
480 1855 598 1881 Leibnitz
616 1857 640 1881 in
661 1858 710 1890 Ep.
725 1865 794 1884 cens.
812 1859 896 1885 Anon.
920 1860 944 1891 ἕ.
962 1866 1001 1892 15.
1022 1860 1087 1891 apud
1109 1858 1265 1886 Puffendors.
1282 1859 1313 1885 de
1327 1858 1379 1885 Off.
1400 1859 1502 1883 Homin.
1529 1863 1586 1888 cap.
1609 1863 1634 1882 2-

392 1899 455 1933 (4)
475 1901 554 1928 Cous.
573 1903 676 1928 omnino
695 1904 728 1929 cl.
743 1912 769 1930 v.
786 1904 811 1931 d.
831 1905 998 1937 Wynpersse,
1018 1906 1086 1932 Diss.
1101 1905 1133 1931 de
1146 1906 1216 1932 bono
1234 1913 1257 1932 ct
1278 1906 1360 1937 malo,
1380 1906 1404 1938 ς’.
1425 1904 1463 1930 18.
1492 1911 1517 1936 p.
1531 1909 1573 1936 47.

393 1945 457 1978 (1)
476 1946 543 1973 lbid.
569 1956 595 1981 p.
614 1950 654 1980 48.
