1946 2517
276 163 318 196 52
617 151 735 191 JANI
773 148 1048 182 RUDOLPHI
1087 158 1160 180 VAN
1199 148 1427 180 MAANEN

327 239 357 276 §.
383 245 427 273 15.
467 234 557 272 Quod
575 235 609 264 ad
626 235 735 264 tertiam
755 232 879 270 denique
894 233 1062 263 sententiam
1081 234 1198 268 attinet,
1224 234 1346 270 probant
1361 233 1436 262 illam
1453 232 1585 263 instituta
1598 234 1787 270 experimenta

290 300 307 321 a
327 290 449 319 diversis
466 287 634 316 auctoribus
649 286 678 315 in
694 286 781 322 chylo
797 294 812 314 e
826 285 916 314 ductu
936 285 1086 314 thoracico
1106 292 1134 314 et
1152 285 1180 314 in
1204 285 1255 314 illo
1273 292 1288 313 e
1306 284 1383 314 vasis
1406 285 1591 321 lymphaticis
1611 292 1719 315 tractus
1742 287 1786 315 iu-

290 340 433 371 testinalis
451 339 596 367 desumto.
621 350 654 356 —
671 337 796 365 Priorem
812 337 1001 365 observarunt
1022 336 1118 365 colore
1133 336 1295 364 rubicundo
1309 336 1450 370 tinctum,
1473 336 1532 364 aeri
1556 337 1786 371 atmosphaerico

288 392 452 429 expositum
482 391 510 418 in
534 390 604 417 duas
630 393 724 424 partes
750 388 943 417 secedentem:
976 388 1164 424 posteriorem
1194 395 1260 416 vero
1284 386 1398 422 album,
1429 386 1521 415 minus
1549 387 1630 422 cito,
1657 395 1708 415 nec
1728 395 1788 416 non

290 442 489 479 imperfectius
506 441 693 469 secedentem.
734 439 765 468 Si
790 439 870 468 hisce
889 440 1088 475 experimentis
1115 447 1191 468 nunc
1211 439 1329 467 addatur
1350 438 1512 468 observatio
1531 446 1617 473 supra
1638 445 1789 476 memorata

286 495 322 524 de
344 493 442 522 exciso
471 492 543 521 liene
570 492 601 521 in
624 499 713 527 cane,
735 490 793 520 lien
817 490 950 519 intimum
968 497 1043 519 certe
1065 490 1270 519 commercium
1297 491 1371 520 aiere
1395 490 1510 520 videtur
1539 497 1605 519 cum
1635 495 1791 527 systemate

286 545 368 581 lymp
419 545 466 573 ico
492 543 576 581 (a).

557 771 947 815 SECTIO
1037 773 1519 815 SECUNDA.

614 975 894 1014 PARS
993 974 1467 1016 ALTERA.·

690 1112 961 1146 CAPUT
1034 1098 1383 1145 PRIMUM.

616 1232 678 1255 DE
720 1232 1085 1255 SECRETIONE
1126 1232 1281 1253 BlLls
1321 1232 1453 1255 lpsA·

286 1354 316 1391 5.
341 1362 362 1383 1.
397 1323 544 1389 Sanguis
562 1360 611 1389 per
629 1353 757 1381 arteriam
776 1358 804 1381 et
820 1360 919 1381 venam
937 1357 1084 1386 portarum
1102 1349 1205 1378 artatus
1217 1370 1229 1385 ,
1254 1349 1404 1386 principiis
1423 1350 1539 1380 biliosis
1563 1357 1591 1381 et
1609 1353 1794 1388 iymphaticis

290 1412 433 1439 onustus,
455 1405 554 1432 acinos
572 1403 682 1439 hepatis
699 1404 805 1437 intrat,
826 1403 856 1430 in
873 1402 979 1437 quibus
1000 1402 1064 1436 pori
1084 1402 1262 1429 diversorum
1281 1410 1412 1429 vasorum
1434 1402 1527 1430 hiant.
1570 1403 1615 1431 Ex
1631 1404 1719 1432 acinis
1735 1404 1795 1432 iilis

291 1463 378 1484 venae
398 1454 544 1483 residuum
563 1453 729 1489 sanguinem
746 1471 758 1488 ,
784 1460 852 1481 vasa
867 1451 1042 1488 lymphatica
1065 1451 1211 1488 lympham
1237 1457 1265 1480 et
1290 1452 1396 1480 ductus
1421 1450 1525 1481 biitferi
1547 1460 1683 1482 secretam
1709 1453 1795 1484 bilem

289 1506 325 1535 ad
345 1507 484 1534 destinata
507 1506 570 1533 loca
591 1505 710 1533 vehunt.

330 1559 358 1594 5.
381 1565 408 1586 2.
448 1557 574 1585 Secretio
603 1556 665 1592 ipsa
692 1564 750 1585 non
772 1562 865 1584 tamen
891 1554 936 1582 uti
957 1553 1081 1590 simplex
1106 1553 1308 1582 consideranda
1329 1560 1372 1582 est
1393 1554 1558 1589 separatio,
1581 1555 1659 1590 quod
1683 1564 1797 1592 suppo.

291 1615 371 1637 neret
390 1608 494 1643 bilem,
515 1616 570 1641 qua
589 1607 670 1635 talem
695 1606 725 1634 in
752 1607 889 1642 sanguine
912 1605 967 1642 jam
992 1605 1202 1641 praeexis:ere,
1233 1605 1284 1633 scd
1306 1612 1371 1633 vera
1394 1604 1542 1641 sanguinis
1565 1606 1685 1634 mutatio
1701 1608 1729 1635 in
1747 1607 1798 1635 he-

293 1668 359 1696 pate
379 1660 474 1688 locum
498 1659 594 1688 habet.

333 1712 363 1747 5.
394 1719 422 1746 3.
463 1709 514 1738 Uti
548 1715 639 1738 autem
675 1717 723 1745 gas
754 1708 865 1737 acidum
892 1707 1099 1743 carbonicum‚
1130 1707 1209 1742 quod
1239 1706 1420 1742 exspiratur,
1449 1706 1479 1734 in
1511 1706 1611 1734 arteria
1637 1706 1798 1741 pulmonaii

293 1762 349 1798 jam
385 1761 595 1796 quodammodo
624 1768 755 1795 praesens
777 1766 841 1794 est,
868 1760 911 1790 sic
934 1767 961 1788 et
986 1759 1053 1787 bili<
1084 1758 1293 1794 quodammodo
1315 1758 1371 1794 jam
1399 1757 1426 1785 in
1454 1757 1593 1793 sanguine
1617 1765 1703 1786 venae
1728 1766 1798 1794 por-

294 1819 385 1840 tarum
422 1817 556 1840 contenta
589 1811 721 1845 videtur,
751 1818 779 1838 et
808 1810 918 1845 hepatis
947 1810 1062 1839 functio
1086 1810 1219 1846 primaria
1244 1809 1275 1837 in
1300 1817 1333 1837 eo
1360 1809 1520 1836 consistere
1548 1809 1679 1845 videtur,
1718 1810 1798 1846 quod

295 1865 430 1892 unionem
460 1862 527 1890 bilis
555 1869 621 1890 cum
648 1861 786 1897 sanguine
813 1869 900 1890 venae
929 1868 1078 1897 portarum
1109 1862 1227 1894 solvat,
1257 1866 1284 1888 et
1311 1859 1387 1888 inam
1410 1860 1444 1888 ab
1472 1860 1528 1889 hoc
1558 1868 1687 1898 separet:
1718 1863 1799 1898 quod

318 1990 373 2019 (ί)
393 1989 432 2013 Cf·
449 1988 567 2010 Tllddmn
584 1994 606 2013 εἴ
623 1989 724 2019 emma,
739 1990 862 2017 Vumehe,
878 1991 944 2011 uehar
959 1989 996 2010 dio
1012 1988 1164 2015 Verrithumg
1179 1987 1219 2008 der
1233 1989 1310 2015 Mr'lz,
1327 1994 1349 2015 p.
1367 1985 1484 2014 86-107-
