1946 2517
279 157 316 191 16
734 154 1006 188 C.J.vA1‹
1057 155 1280 194 ASSEN‚

278 250 382 291 aliqua
415 247 618 292 Reipublicae
646 249 870 291 gubernandae
899 255 988 291 parte
1013 248 1171 289 ejusmodi
1200 249 1306 279 locum
1336 248 1563 280 nanciscamini
1595 257 1661 292 quo
1690 245 1735 278 ci-

277 305 371 335 vibus
393 304 488 348 quam
510 305 656 347 plurimis
677 305 824 348 prodesse
847 311 878 335 et
901 303 940 335 de
966 304 1065 345 patriai
1091 304 1172 335 bene
1205 305 1334 340 mereri,
1356 310 1387 335 et
1417 303 1590 336 industriae
1609 303 1733 335 fructus

279 361 490 404 amplissimos
515 361 675 404 percipere
701 362 841 403 possitis.
884 360 913 390 A
934 360 1034 391 Vobis
1059 361 1156 402 igitur
1181 371 1241 391 suo
1266 359 1403 402 quodam
1418 360 1490 402 jure
1506 361 1606 404 patria
1622 366 1733 402 postu·

278 417 340 455 lat,
363 424 399 447 ut
424 427 475 447 eas
494 417 721 447 consectemini
744 424 774 447 et
791 416 901 447 colatis
917 417 1050 446 virtutes
1066 438 1075 452 ‚
1101 415 1219 458 quibus
1235 417 1267 446 in
1292 416 1350 446 hac
1374 422 1555 459 temporum
1576 415 1734 447 conditio-

279 483 319 502 ne
343 479 396 502 aut
420 472 568 514 neglectis
592 478 645 502 aut
667 472 760 502 etiam
789 472 898 502 leviter
921 471 1034 509 cultis,
1061 481 1110 502 res
1134 479 1258 503 nostras
1276 471 1390 504 florere
1414 483 1481 504 non
1503 482 1596 515 posse
1620 481 1736 507 omnes

277 527 354 558 beni
381 528 465 558 cives
487 527 652 558 communi
669 538 825 558 consensu
855 535 1021 561 testantur.

322 583 521 629 Quapropter
540 589 566 617 si
583 586 698 617 horum
713 587 1007 618 auetoritaticedere
1019 593 1049 618 et
1065 585 1263 617 adhortantis
1280 583 1544 627 admonentisque
1552 584 1669 627 patriae
1679 594 1737 616 vo-

282 644 310 673 ci
328 643 544 685 obtemperare
563 642 682 680 vultis,
705 649 738 673 et
764 642 844 674 velle
867 653 925 674 vos
945 643 1090 686 nihilque
1116 643 1279 685 antiquius
1311 642 1425 673 habere
1455 643 1565 685 ecquis
1594 642 1738 674 dubitet?

279 710 407 730 omnem
436 699 615 729 studiorum
648 709 777 730 cursum
806 699 950 742 dirigatis
973 710 1099 730 necesse
1126 705 1173 729 est
1200 698 1242 728 ad
1263 708 1446 741 germanam
1464 697 1550 728 illam
1573 698 1736 741 jurispruv

278 754 416 785 dentiam
433 777 443 792 ‚
477 765 558 797 quae
583 754 733 786 studiosis
757 756 806 786 sui
833 756 1006 797 praecipit,
1030 761 1066 786 ut
1088 755 1256 797 ingenium
1284 760 1407 784 mature
1436 753 1586 796 subigant
1615 754 1734 786 doctri·

278 821 338 842 nae
371 810 492 853 copiis,
525 816 561 840 ut
589 812 733 841 animum
759 810 906 842 excolant
931 812 1138 842 humanitatis
1157 809 1290 847 studiis,
1309 815 1344 839 ut
1373 815 1511 839 mentem
1537 817 1652 841 acuant
1681 822 1736 843 co-

279 865 401 908 gitandi
423 866 645 897 exercitatione
669 873 762 909 atque
785 865 830 896 illi
855 877 888 898 se
915 865 1033 898 dedant
1059 865 1298 908 Philosophiae,
1331 875 1411 907 quae
1434 875 1502 896 nou
1534 865 1694 899 abstrahat
1716 879 1736 900 a

278 923 361 954 vitae
379 921 512 961 officiis,
534 921 588 953 sed
615 933 726 953 omnes
753 921 980 964 complectatur
1003 924 1120 965 patriae
1139 920 1317 964 diligendae
1341 927 1372 951 et
1396 921 1532 952 civitatis
1552 923 1634 954 bene
1659 932 1738 956 tem.

279 977 438 1021 peraudae
459 978 592 1009 virtutes
617 984 648 1009 et
673 987 748 1009 cum
777 979 844 1021 ipsa
877 979 970 1022 aequi
997 978 1137 1023 bonique
1161 985 1226 1011 arte
1256 987 1368 1010 omnes
1390 976 1529 1008 rationes
1550 981 1739 1023 conjunctas

280 1034 406 1067 habeat.

325 1093 372 1122 De
399 1091 534 1121 Romani
558 1100 609 1120 me
639 1089 743 1122 <licere
766 1092 852 1122 Juris
877 1092 1085 1134 cognitione,
1116 1092 1166 1122 vel
1198 1103 1248 1123 me
1275 1099 1398 1123 tacente
1422 1092 1512 1125 facile
1536 1096 1604 1125 Vos
1629 1106 1743 1129 omnes

284 1145 459 1188 intelligere
495 1146 642 1176 existimo
683 1145 852 1177 Auditores
875 1147 1125 1179 Humanissimi!
1157 1147 1253 1190 idque
1284 1159 1351 1178 nou
1383 1154 1446 1179 tam
1472 1156 1602 1192 propter
1627 1153 1746 1185 oratio.

285 1204 353 1240 nis,
381 1200 468 1243 quod
491 1207 682 1241 tractamus,
712 1209 954 1244 argumentum,
986 1214 1083 1246 quam
1105 1205 1146 1235 ob
1175 1204 1336 1246 cognitam
1361 1206 1514 1236 omnibus
1537 1211 1569 1237 et
1599 1213 1742 1242 testatam

285 1258 417 1299 hujusce
440 1257 523 1287 Juris
543 1257 652 1288 Civilis
675 1258 911 1299 excellentiam,
934 1270 1030 1302 quam
1054 1259 1202 1302 equidem
1218 1282 1228 1298 ‚
1262 1259 1333 1291 licet
1364 1259 1501 1292 fremant
1534 1263 1742 1306 antiquarum

286 1324 392 1345 rerum
425 1319 653 1352 contemtores,
679 1313 782 1346 dicere
802 1327 868 1347 non
900 1327 1029 1355 vereor,
1060 1316 1154 1347 talem
1184 1327 1219 1347 ac
1243 1321 1381 1357 tantam,
1412 1326 1484 1347 meo
1504 1317 1634 1360 quidem
1655 1321 1744 1362 judi·

286 1372 338 1401 cio
351 1393 359 1409 ‚
385 1368 506 1407 videri,
529 1375 564 1400 ut
583 1368 768 1402 efficacitate
785 1382 842 1402 sua
862 1378 892 1403 et
914 1374 946 1404 vi
965 1374 999 1403 in
1018 1383 1122 1404 mores
1142 1379 1176 1404 et
1195 1373 1359 1415 ingenium
1384 1379 1415 1404 et
1436 1372 1615 1406 doctrinam
1637 1378 1744 1413 omni,

285 1427 345 1457 bus
362 1424 510 1467 deinceps
531 1424 659 1467 digestis
687 1428 808 1469 Legum
836 1428 979 1460 civilium
1000 1428 1172 1460 Codicibus
1191 1428 1286 1471 longe
1312 1428 1488 1471 plurimum
1505 1419 1650 1473 praestet.

324 1479 389 1509 Nec
412 1479 593 1522 confugiam
616 1481 684 1518 hic,
719 1491 754 1515 ut
777 1495 815 1515 ex
840 1488 1095 1518 testimoniorum
1129 1484 1274 1527 undique
1289 1486 1505 1527 quaesitorum
1528 1488 1618 1529 copia
1637 1496 1745 1522 aucto·

290 1534 414 1565 ritatem
451 1535 530 1566 mihi
561 1538 748 1578 conciliem,
786 1540 825 1571 ad
851 1544 924 1572 trita
952 1543 1010 1572 ista
1051 1552 1087 1572 ac
1120 1532 1442 1584 pervulgata—laudis
1468 1545 1635 1585 praeconia
1665 1557 1746 1589 quae

289 1593 405 1621 summi
425 1592 515 1622 omni
539 1599 636 1624 aetate
663 1595 723 1625 viri
748 1595 867 1637 fecere,
888 1606 962 1628 cum
993 1597 1228 1636 adseverarent‚
1252 1597 1333 1628 nihil
1360 1599 1459 1640 magis
1493 1598 1671 1632 conducere
1706 1602 1746 1634 ad

290 1648 472 1680 formandos
493 1650 612 1680 civium
638 1661 758 1690 mores,
789 1659 844 1683 aut
868 1653 950 1684 nihil
973 1657 1104 1696 propius
1133 1653 1279 1684 accedere
1302 1652 1340 1683 ad
1367 1654 1449 1695 ipsas
1478 1643 1654 1688 matheseos
1681 1657 1748 1691 lau·

290 1705 363 1741 des,
387 1710 442 1735 aut
477 1704 599 1737 nullum
629 1707 760 1738 omnino
789 1718 951 1750 superesse
979 1720 1018 1740 ex
1048 1711 1112 1741 toti
1137 1710 1323 1751 antiquitate
1354 1709 1541 1751 praeclarius
1575 1713 1747 1754 sapientiae

290 1762 403 1792 veteris
422 1768 678 1801 monumentum,
711 1773 805 1806 quam
831 1765 1125 1796 Jureconsultorum
1158 1768 1369 1796 Romanorum
1394 1765 1508 1808 scripta
1532 1776 1548 1796 a
1568 1768 1749 1803 Justiniano

292 1818 325 1848 in
352 1827 449 1848 uuum
475 1827 592 1860 corpus
609 1818 755 1857 collecta,
778 1820 825 1851 uti
843 1831 929 1852 nunc
947 1820 1010 1852 fere
1031 1821 1084 1852 illa
1105 1820 1264 1853 habemus.
1312 1821 1479 1852 Assentior
1496 1820 1642 1855 lubenter
1660 1837 1750 1869 prae.
1770 1812 1773 1817 Ι

291 1874 390 1903 clarae
415 1874 488 1904 huic
509 1872 549 1903 de
565 1875 639 1904 Jure
663 1876 806 1906 Romano
833 1878 1006 1908 sententiae
1031 1879 1123 1920 cujus
1147 1879 1320 1920 principem
1351 1876 1444 1908 video
1482 1877 1582 1920 ipsum
1608 1882 1750 1915 Leibnit-

293 1932 395 1965 zium3
418 1938 524 1960 vetum
550 1940 617 1960 non
643 1936 702 1962 tam
727 1931 760 1962 id
790 1932 932 1974 agimus,
963 1933 1234 1976 quemadmodum
1271 1934 1491 1966 auctoritatum
1518 1935 1660 1977 pondere
1684 1936 1750 1972 Vos'

1636 1994 1752 2027 obrua-
