1946 2517
403 137 721 169 COMMENTATIO
741 147 776 167 1N
798 138 1102 176 QUAESTIONEM
1123 141 1159 170 M
1168 143 1336 176 EDICAM.
1588 152 1622 188 gi

119 222 379 254 carbonisa-*ionem
407 229 475 251 vero
494 221 522 250 in
540 222 625 250 ramis
645 229 731 250 venae
750 228 899 256 portarum
927 222 1023 252 locum
1049 224 1172 260 habere,
1192 232 1220 254 et
1243 227 1342 257 lienem
1369 235 1456 267 ergo,
1476 236 1540 263 cuin
1568 232 1621 272 hy.

113 275 283 312 diogeniurn
303 274 338 301 ad
355 272 492 302 efficacem
514 273 598 301 bilem
618 272 795 302 formandam
814 275 994 310 requiratur,
1015 276 1049 304 ad
1066 277 1178 313 hepatis
1196 278 1377 309 functionem
1396 284 1537 315 conferre.

152 329 184 364 §-
209 335 252 356 η,
293 323 467 353 Ticdcmatm
488 331 514 352 et
537 323 652 353 Gmelin
667 323 744 351 haud
770 323 807 351 ita
825 325 933 359 pridem
951 327 1044 356 denuo
1063 334 1246 366 statuerunt,
1270 331 1371 361 lienem
1390 334 1424 362 ad
1447 335 1532 365 vitam
1551 346 1615 367 sus.

114 378 274 408 tentandam
294 376 428 404 absolute
450 383 509 404 ncn
531 375 659 410 requiri,
685 374 759 403 facta
782 375 1027 407 observationem
1055 388 1142 416 cane,
1164 381 1214 417 qui
1234 389 1303 416 post
1328 383 1414 421 hujus
1435 386 1552 417 visceris
1571 397 1618 417 ex-

114 429 335 466 stirpationem,
357 428 466 462 absque
487 427 542 454 ulla
568 427 727 455 mutatione
749 426 778 455 in
801 429 969 457 oeconomia
995 432 1107 459 animali
1133 433 1168 460 ad
1193 432 1264 462 illud
1290 440 1402 470 tempus
1427 445 1537 474 usque,
1560 442 1620 476 quo

115 481 289 515 necabatur,
321 486 353 508 ut
379 478 523 507 cadaveris
545 477 636 506 sectio
661 477 878 513 institueretur,
899 479 988 509 vitam
1016 484 1167 518 protraxit.
1208 484 1279 514 Post
1305 493 1423 515 mortem
1451 489 1544 519 nullas
1570 492 1621 520 ab·

114 534 302 568 imunitates,
331 539 450 566 quarum
469 529 520 559 alii
543 536 674 558 auctores
694 529 866 558 mentionem
891 530 1023 568 faciunt,
1045 535 1255 571 observarunt,
1285 538 1334 565 sed
1361 538 1531 569 invenerunt
1550 542 1623 580 chy·

115 586 176 614 lum
206 584 235 614 in
261 585 350 612 ductu
385 581 530 609 thoracico
559 581 738 616 timidiorem,
768 581 886 618 lympha
916 585 1091 620 coagulabili
1117 586 1199 622 justo
1230 586 1325 615 minus
1355 597 1511 626 onustum3
1541 595 1621 628 quod

115 637 218 665 horum
239 642 389 665 auctorum
408 633 572 670 opinionem
584 652 594 669 ,
616 639 702 669 quam
717 634 751 662 de
770 633 921 664 functione
934 634 1018 664 lienis
1034 643 1159 665 recenter
1173 639 1378 676 protulerunt,
1400 642 1565 672 confirmare
1580 645 1622 673 vi-

110 688 235 717 deretur.

153 739 183 775 §.
208 746 254 767 12.
294 737 340 766 Ex
358 735 458 765 multis
476 743 577 771 nempe
595 735 816 772 experimentis,
839 736 874 765 ab
896 736 954 765 illis
971 736 1001 767 in
1019 738 1094 768 vivis
1107 739 1282 777 ¹animalibus
1299 741 1393 776 captis
1406 762 1416 777 ‚
1438 743 1473 771 ad
1490 743 1551 773 vias
1577 745 1621 774 in-

119 790 282 826 dagandas,
303 797 354 825 per
382 796 453 823 quas
481 788 660 816 substantiae
684 788 838 817 nutritivae
862 796 877 817 e
907 788 1070 818 ventriculo
1095 796 1123 818 et
1149 790 1297 820 intestinis
1323 792 1351 820 in
1379 794 1545 829 sanguinem
1573 805 1621 825 ve-

116 841 223 875 niunt,
244 845 341 876 patet,
363 848 411 867 eos
427 839 544 874 saepius
560 847 626 868 vasa
645 839 818 876 lymphatica
834 839 917 868 lienis
930 860 941 876 ,
963 840 1075 876 liquore
1094 841 1256 870 rubicundo
1272 844 1412 879 turgentia
1430 845 1617 883 observasse,

117 891 170 927 qui
192 891 222 920 in
240 899 305 919 vase
326 891 470 918 collectus
496 890 726 925 coagulabatur‚
751 891 819 919 dum
844 896 939 919 serum
962 892 1130 929 secedebat3
1152 901 1225 928 quae
1251 894 1436 931 observatio,
1461 903 1626 934 comparata

112 949 182 970 cum
204 946 349 970 structura
367 941 450 969 lienis
468 941 526 968 illis
544 941 613 969 viris
631 949 727 970 ansam
745 942 878 975 praebuit
893 942 1047 977 credendi;

155 991 198 1022 1⁰.
227 990 345 1020 Lienem
364 998 440 1019 arcte
457 991 644 1028 conjunctum
665 1000 729 1021 esse
750 1000 814 1021 cum
836 998 992 1030 systemate
1009 994 1201 1030 lymphatico.

160 1043 206 1072 20.
235 1041 391 1078 Liquorem
416 1043 621 1079 coagulabilem
640 1051 673 1070 ex
691 1045 830 1080 sanguine
847 1044 986 1073 arterioso
1012 1044 1042 1072 in
1068 1045 1142 1074 liene
1162 1045 1305 1082 separari,
1327 1055 1342 1076 a
1368 1047 1445 1077 vasis
1470 1049 1624 1085 lymphati·

119 1094 163 1124 cis
178 1093 295 1129 excipi,
317 1098 402 1128 atque
419 1092 448 1121 in
469 1093 587 1121 ductum
606 1094 781 1122 thoracicuni
799 1095 911 1124 deduci.

159 1143 204 1182 3⁰.
236 1144 448 1180 Separationcm
475 1144 561 1180 hujus
588 1144 709 1180 liquoris
734 1145 855 1182 ejusque
876 1145 1045 1175 effusionem
1066 1145 1096 1175 in
1117 1146 1234 1176 ductum
1254 1148 1431 1178 thoracicum
1456 1149 1621 1181 destinatam

115 1205 178 1226 esse
196 1196 231 1224 ad
251 1195 369 1232 chylum
392 1202 502 1222 massae
518 1195 688 1230 sanguineae
706 1195 932 1226 assimilandum.

150 1248 182 1285 §.
208 1254 254 1283 13.
296 1246 389 1275 Prima
403 1246 542 1274 sententia
557 1245 774 1275 fundamentum
799 1247 931 1284 agnoscit
950 1247 980 1277 in
998 1256 1032 1277 eo
1045 1269 1055 1284 ‚
1079 1249 1158 1285 quod
1176 1244 1230 1278 lien
1247 1249 1277 1279 in
1296 1250 1331 1279 iis
1347 1251 1518 1282 animalibus
1540 1262 1619 1290 repe-

113 1298 207 1333 ritur,
230 1297 260 1326 in
275 1297 382 1332 quibus
399 1298 540 1325 anatomia
558 1298 641 1325 etiam
659 1306 726 1326 vasa
747 1297 923 1333 lymphatica
942 1301 1066 1337 detex1t3
1090 1301 1168 1336 quod
1189 1301 1270 1329 lienis
1296 1303 1432 1332 volumen
1452 1305 1619 1339 proportio-

112 1355 212 1378 natum
232 1353 276 1375 est
297 1347 447 1383 systemati
466 1348 666 1384 lymphatic03
684 1350 777 1383 ‚quod
805 1349 950 1384 quantitas
975 1359 1110 1379 vasorum
1138 1352 1382 1388 lymphaticorum
1413 1361 1471 1382 eam
1499 1355 1621 1384 aliorum

111 1405 286 1435 organorum
305 1404 441 1434 superat-3
464 1398 544 1433 quod
563 1398 644 1426 lienis
662 1406 807 1428 structura
827 1401 1045 1430 similitudinem
1064 1403 1148 1431 habet
1165 1412 1231 1432 cum
1250 1405 1397 1440 glandulis
1412 1407 1619 1443 conglobatis3

114 1455 238 1485 utraque
255 1449 328 1477 enim
348 1456 470 1484 corpora
490 1456 523 1476 ex
541 1450 619 1477 vasis
636 1449 845 1490 lymphaticis,
875 1451 955 1480 venis
978 1459 1006 1481 et
1035 1453 1144 1481 arteriis
1165 1455 1329 1490 composita
1355 1462 1447 1492 sunt,
1467 1457 1557 1486 ductu
1574 1466 1623 1487 ex—

113 1500 240 1530 cretorio
257 1499 394 1528 destituta
410 1520 420 1535 ,
439 1500 505 1528 dum
524 1500 698 1536 lymphatica
711 1501 774 1537 ipsa
795 1501 892 1530 locum
910 1503 1015 1533 ductus
1030 1505 1180 1534 excretorii
1198 1513 1359 1543 occupant.

153 1555 184 1590 §-
209 1561 255 1590 14.
296 1553 422 1581 Alteram
434 1553 608 1582 sententiam
627 1552 750 1589 probant
770 1553 988 1584 observationes
1010 1556 1044 1583 ab
1065 1557 1110 1584 his
1134 1557 1205 1586 viris
1230 1558 1259 1586 in
1284 1559 1386 1594 equis,
1408 1565 1435 1588 et
1452 1559 1486 1589 ab
1503 1561 1567 1590 aliis
1587 1561 1618 1591 in

114 1603 179 1634 aliis
205 1603 377 1632 animalibus
398 1602 500 1632 factae.
542 1603 739 1633 Observarunt
768 1613 869 1642 nempe
895 1607 925 1635 in
951 1608 1028 1636 vasis
1052 1608 1240 1645 lymphaticis
1269 1610 1352 1640 lienis
1374 1611 1513 1647 liquorem
1539 1613 1620 1642 rubi.

117 1655 244 1686 cundum
272 1655 351 1683 valde
374 1655 599 1691 coagulabilem‚
628 1664 644 1684 a
667 1657 756 1693 chylo
781 1658 1025 1693 lymphatieorum
1049 1666 1156 1688 tractus
1186 1661 1359 1690 intestinalis
1390 1667 1418 1690 et
1446 1663 1620 1699 reliquarum

117 1707 242 1744 panium
260 1705 501 1734 diversissimum.
540 1706 657 1736 Hewson
674 1708 752 1745 jam,
774 1711 931 1739 secundum
959 1712 1028 1740 tales
1044 1712 1282 1749 observationes,
1305 1714 1415 1743 dixerat
1427 1735 1438 1749 2
1459 1715 1558 1743 lienem
1576 1724 1624 1744 or.

120 1767 214 1796 ganon
235 1766 315 1794 esse,
337 1758 365 1786 in
385 1766 444 1795 quo
460 1758 539 1787 rubri
560 1760 712 1796 sanguinis
732 1760 844 1797 globuli
863 1770 878 1790 a
898 1762 1082 1798 lymphaticis
1101 1764 1292 1793 absorbentur
1318 1772 1345 1794 et
1373 1767 1400 1794 in
1421 1765 1537 1794 ductum
1557 1767 1624 1796 tho·

119 1811 245 1839 racicum
272 1809 468 1838 effunduntur.
509 1808 691 1840 probabilior
711 1812 804 1841 adhuc
826 1812 875 1841 illa
903 1813 1042 1842 sententia
1068 1814 1212 1850 redditur,
1241 1815 1267 1843 si
1292 1815 1327 1844 ad
1351 1815 1485 1844 volumen
1506 1819 1622 1845 arteriae

118 1861 230 1892 lienalis
247 1862 446 1897 attendamus,
468 1869 564 1897 quae,
595 1862 638 1891 uti
657 1863 714 1900 J'am
742 1872 775 1893 ex
800 1863 1003 1894 Hildebrando
1029 1865 1305 1901 animadvertimus,
1334 1866 1423 1902 maior
1446 1872 1506 1903 est,
1537 1873 1622 1903 quam

118 1912 209 1949 hujus
232 1911 352 1940 visceri⁵
377 1912 501 1941 nutritio
524 1913 641 1948 poscit,
670 1920 697 1942 et
718 1915 760 1943 sic
788 1916 876 1953 igitur
898 1917 974 1946 haud
997 1917 1150 1947 difficulter
1171 1917 1338 1954 explicanda
1364 1917 1476 1947 videtur
1501 1919 1622 1947 mutatio

119 1963 270 2000 sanguinis
290 1962 422 1992 arteriosi
443 1962 472 1993 in
493 1963 663 2001 sanguinem
684 1973 838 1998 venosum.

961 1996 1058 2050 Ga·
1526 2018 1625 2057 §.15-
