1946 2517
390 174 429 226 2⁴0
771 194 1519 228 H.P.nzKANTER

390 276 485 313 logiae
510 276 620 305 ratione
656 276 785 315 designat
817 276 966 306 Pastorem
997 286 1158 313 summum,
1183 276 1337 308 Pastorum
1372 281 1495 310 omm'um
1523 280 1695 319 prittct'pem.
1745 279 1841 320 Magis
1865 289 1901 313 ex

392 328 518 356 Graecae
545 328 659 364 linguae
683 328 779 356 indole
803 328 927 365 scriptor
947 328 1100 364 Epistolae
1121 330 1155 357 ad
1183 328 1331 359 Hebraeos
1357 332 1448 359 utitur
1475 331 1598 360 formula
1620 333 1632 362 ὃ
1655 332 1752 369 mlum
1777 334 1899 369 ὃμέγας

388 379 410 407 i.
437 387 460 407 e.
485 381 612 414 μέγιστος
639 380 675 408 C.
701 378 793 408 XIII:
815 388 864 409 20.
893 379 1009 416 (Conf.
1033 380 1194 410 Ktitmerus
1220 381 1249 410 in
1274 381 1505 419 Hypomncmatt.
1539 391 1569 412 a.
1596 383 1624 413 h.
1647 382 1698 421 l.)
1745 383 1898 413 Caeterum

387 429 468 458 conf.
491 429 538 457 hic
560 430 621 457 loca
646 437 732 464 supra
756 430 841 458 citata
864 437 891 458 et
918 431 994 460 dicta
1020 432 1053 459 ad
1078 440 1106 459 c.
1128 439 1155 461 2.

425 483 584 517 Κομιεῑσθε,
606 481 806 519 reportabitis.
848 483 971 522 Κομίζεψ
997 483 1030 511 de
1054 483 1184 518 praemiis
1213 483 1391 519 reportandis
1420 483 1561 520 eleganter
1587 484 1737 513 adhibetur
1760 490 1793 513 ut
1817 485 1847 515 h.
1872 485 1894 514 1.

384 531 425 560 ita
448 538 475 560 et
498 532 533 560 C.
553 533 600 560 11:
622 540 649 569 9.
682 532 780 561 2Cor.
804 534 849 562 V:
874 542 918 562 10.
946 532 1026 569 Eph.
1044 533 1104 562 Vl:
1130 534 1145 562 8
1169 534 1248 564 alibi.
1269 552 1307 558 -
1326 535 1381 565 Τὸν
1399 537 1578 573 ἀμαράντινον
1602 540 1649 570 τῆς
1672 537 1746 572 δόξης
1765 537 1894 572 ςέφανον.

385 584 454 618 δόξαι
478 583 574 611 eodem
595 591 683 611 sensu
715 583 801 612 nobis
827 583 954 612 adhiberi
986 584 1098 612 videtur
1128 593 1160 613 ac
1184 593 1210 616 c.
1237 594 1264 615 1.
1293 594 1379 621 quare
1401 587 1495 615 minus
1521 586 1676 622 probamus
1705 594 1801 615 eorum
1830 593 1896 615 sen·-

385 634 525 670 tentiam,
557 634 606 670 qui
630 640 734 670 putant
759 636 806 664 τὸν
833 636 950 672 ςέφοινον
978 639 1026 669 τῆς
1056 637 1131 672 δόξης
1156 637 1204 665 hic
1242 638 1295 673 per‘
1322 637 1526 667 Hebraismum
1555 638 1626 667 idem
1655 637 1787 674 denotare
1810 645 1843 666 ac
1867 636 1894 665 si

381 687 522 722 scriptum
547 693 622 714 esset
648 687 694 716 τὸν
718 686 835 724 ςέφκνον
858 687 977 722 ἔνδοξον,
997 695 1132 716 coronam
1159 688 1335 725 gloriosam,
1364 687 1561 724 honorificam.
1601 689 1713 717 Nostro
1737 688 1804 717 loco
1826 689 1897 724 35}ae

382 744 426 766 est
451 739 515 776 ipsa
536 746 663 773 corona,
693 737 755 766 sive
781 736 874 772 illud,
903 736 980 775 quod
1006 746 1138 765 eoronam
1163 739 1248 774 quasi
1272 736 1404 773 conficit,
1429 739 1526 767 eodem
1554 747 1672 774 prorsus
1696 746 1802 773 sensu,
1833 744 1893 774 quo

377 789 440 826 Jac.
460 789 492 819 1:
518 797 550 818 12
575 789 702 818 occurrit
734 788 860 818 formula
890 790 1025 827 στέφκνος
1050 792 1100 822 τῆς
1131 789 1212 825 ζώης.
1265 788 1339 825 Hicffg
1355 797 1513 817 sermonem
1545 797 1607 817 esse
1634 790 1668 816 de
1697 789 1838 825 dignitate
1864 795 1894 816 et

380 841 548 869 conditione
576 839 676 875 beata,
699 848 754 875 qua
770 841 799 878 J.
825 838 860 870 C.
883 839 912 868 in
939 839 1028 868 coelis
1055 838 1163 867 fruitur
1186 845 1213 866 et
1240 839 1325 875 cujus
1359 846 1511 867 consortes
1537 847 1635 868 ornnes
1663 847 1727 868 vere
1750 839 1898 867 Christia-

383 891 414 920 ni
440 891 508 920 olim
535 891 628 919 futuri
654 898 741 926 sunt,
762 892 797 919 ad
818 899 845 920 c.
872 897 899 920 1.
923 890 978 926 jam
1000 890 1214 919 annotavimus.
1236 888 1351 926 (Conf.
1376 890 1417 918 ibi
1445 888 1548 926 dicta)
1588 890 1641 918 Illa
1663 888 1787 918 felicitas
1807 895 1895 918 aeter·

381 950 417 972 na
443 944 561 980 ςέφκνος
584 951 692 972 corona
715 949 836 972 vocatur
860 948 887 970 et
908 943 950 970 sic
973 942 1148 977 proponitur
1172 947 1308 975 tanquam
1333 939 1470 968 victoriae
1488 939 1664 975 praemium,
1686 939 1766 975 quod
1789 939 1895 969 Chris-

378 993 470 1028 tiani,
498 993 651 1022 certamine
675 993 758 1030 quasi
783 993 885 1028 facto,
912 992 1056 1027 accepturi
1077 993 1156 1023 sunt.
1202 991 1272 1021 Vid.
1310 1001 1321 1021 1
1342 992 1416 1021 Cor.
1437 992 1498 1020 IX:
1521 1000 1554 1020 12
1581 992 1602 1020 1.
1632 999 1661 1020 c.
1694 991 1755 1028 Jac.
1777 992 1810 1020 1:
1839 999 1895 1026 12,

382 1044 525 1080 imprimis
549 1052 617 1072 vero
644 1044 750 1074 2Tim.
771 1044 832 1073 IV:
855 1044 892 1079 83
914 1045 1128 1079 comparatione
1154 1044 1241 1072 ducta
1266 1052 1281 1071 a
1305 1042 1381 1071 ludis
1406 1042 1583 1071 Graecorum
1611 1041 1759 1077 publicis,
1780 1041 1810 1070 in
1827 1041 1893 1078 qui-

379 1093 507 1129 busii,
535 1095 586 1130 qui
611 1095 761 1123 victoriam
797 1099 992 1129 reportarent,
1021 1101 1128 1122 corona
1155 1093 1342 1122 ornabantur.
1389 1093 1496 1129 Magna
1528 1100 1593 1121 cum
1624 1092 1762 1128 elegantia
1790 1092 1893 1120 Petrus

380 1145 430 1174 hic
456 1145 534 1173 addit
558 1145 733 1173 vocabulum
761 1145 940 1181 ἆμαραὲντινον
957 1164 968 1180 ,
996 1144 1080 1179 quod
1108 1143 1263 1180 nuspiam,
1294 1143 1351 1172 nisi
1375 1144 1445 1174 h.1.
1467 1145 1496 1172 in
1523 1143 1564 1171 N.
1589 1142 1623 1171 F.
1648 1143 1772 1179 legitur,
1802 1138 1892 1178 aeque

380 1205 415 1226 ac
432 1197 612 1233 ἀμάραντον,
642 1196 721 1230 quod
746 1196 819 1224 idem
846 1195 948 1223 Petrus
973 1194 1088 1222 adhibet
1111 1194 1201 1230 hujus
1225 1194 1322 1230 Epist.
1353 1194 1391 1225 C.
1412 1194 1442 1223 I:
1465 1203 1502 1231 4,
1533 1194 1620 1222 ducta
1645 1193 1854 1228 appellatione,
1874 1199 1891 1220 a

378 1248 449 1276 flore
471 1247 592 1282 quodam
618 1251 798 1280 amaranto,
828 1245 863 1273 de
887 1253 947 1280 quo
971 1243 1088 1273 Plinius
1110 1244 1189 1273 Nat.
1211 1245 1290 1275 Hist.
1316 1245 1383 1274 Lib.
1404 1245 1485 1274 ΧΧΙ,
1513 1251 1578 1278 cap.
1600 1244 1628 1270 8.
1672 1262 1690 1277 „
1706 1241 1894 1278 Mirumque,

379 1304 536 1334 postquam
563 1295 689 1324 defecere
715 1295 815 1324 cuncti
840 1295 943 1329 flores,
964 1294 1140 1323 madefactus
1163 1304 1238 1331 aqua
1263 1296 1432 1328 reviviscit,
1454 1302 1481 1322 et
1504 1294 1636 1322 hibernas
1659 1300 1781 1321 coronas
1806 1291 1887 1320 Facit.

375 1349 492 1376 Summa
527 1348 588 1383 ejus
625 1353 724 1375 natura
755 1347 783 1374 in
809 1346 926 1375 nomine
951 1351 1018 1380 est,
1048 1346 1220 1379 appellato,
1251 1347 1386 1379 quoniam
1419 1354 1477 1373 non
1507 1343 1700 1372 marcescar.''
1741 1343 1886 1380 Vulgoems

377 1399 463 1425 vertit
485 1397 762 1426 immarcescibilem.
802 1396 906 1431 Neque
931 1401 1023 1423 tamen
1053 1401 1119 1422 cum
1143 1394 1177 1422 iis
1203 1394 1407 1430 interpretibus
1434 1394 1529 1429 facio,
1559 1395 1608 1429 qui
1629 1395 1764 1428 credant,
1794 1395 1886 1431 ςέφα-

373 1459 416 1479 εον
440 1449 620 1484 ἀμαράντινον
647 1450 693 1476 hic
718 1447 828 1485 opponi
851 1442 909 1475 iliis
937 1445 1114 1474 Graecorum
1142 1445 1282 1480 coronis,
1303 1453 1422 1480 quarum
1441 1444 1510 1473 folia
1534 1445 1594 1473 cito
1620 1445 1819 1472 marcescentia
1839 1445 1889 1472 de·

372 1499 517 1527 cidcbant.
557 1497 636 1525 Patet
657 1499 748 1533 enim,
772 1505 804 1526 ut
832 1497 954 1526 Grotius
977 1496 1033 1532 iam
1051 1496 1221 1531 annotavit,
1241 1502 1274 1524 ex
1299 1494 1476 1524 Philostrati
1498 1495 1650 1531 Herodis,
1672 1503 1795 1524 coronas
1813 1503 1887 1530 quo—

377 1557 431 1585 que
454 1557 488 1577 ex
514 1547 615 1576 fronde
637 1549 772 1576 amaranti
792 1546 940 1576 confectas
969 1546 1111 1574 victorum
1136 1546 1283 1582 capitibus
1305 1545 1397 1574 fuisse
1422 1546 1585 1581 impositas.
1627 1546 1766 1581 Equidem
1792 1552 1885 1581 puto,

373 1600 488 1628 Petrum
513 1600 567 1628 hoc
603 1599 731 1636 epitheto
762 1605 875 1627 tantum
906 1597 1046 1633 respicere
1067 1597 1197 1626 voluisse
1218 1597 1253 1625 ad
1282 1596 1425 1625 felicitatis
1454 1596 1533 1625 illius
1555 1603 1682 1625 aeternae
1708 1596 1887 1624 durationem

371 1657 551 1685 pcqmtuam.

404 1699 466 1735 Jam
490 1699 581 1733 satis,
603 1705 635 1726 ut
659 1708 765 1734 spero,
788 1699 926 1735 explicita
943 1707 1003 1728 mea
1029 1700 1063 1728 de
1086 1706 1175 1727 sensu
1200 1699 1351 1727 verborum
1376 1698 1535 1732 sententia,
1559 1697 1761 1726 transeundum
1788 1703 1831 1724 est
1850 1696 1888 1725 ad

369 1752 485 1779 alteram
512 1749 829 1778 Commentariunculae
859 1758 965 1783 partem
980 1771 990 1785 ,
1013 1750 1043 1778 in
1067 1758 1123 1785 qua
1146 1751 1344 1786 exponendum
1367 1757 1430 1784 est,
1453 1756 1587 1783 quaenam
1611 1757 1644 1776 ex
1664 1749 1729 1777 loco
1757 1747 1884 1775 illustra.-

368 1807 404 1828 το
427 1806 558 1829 constare
581 1800 731 1827 videantur
753 1799 788 1826 de
813 1799 937 1827 muneris
961 1800 1033 1827 sacri
1066 1801 1175 1826 ratione
1199 1807 1227 1826 ct
1253 1801 1375 1834 officiis,
1403 1807 1431 1827 et
1453 1800 1487 1827 de
1509 1799 1544 1826 iis
1572 1799 1659 1833 adeo,
1689 1805 1760 1833 quae
1785 1796 1889 1832 impri-

369 1852 426 1880 mis
448 1859 530 1888 agere
554 1858 582 1880 et
605 1850 694 1879 vitare
715 1855 849 1886 oporteat
875 1857 944 1887 eos,
967 1851 1018 1886 qui
1046 1849 1077 1877 in
1103 1848 1236 1879 Ecclesia
1264 1850 1430 1880 Christiana
1461 1849 1514 1877 hoc
1539 1856 1654 1877 munere
1676 1848 1859 1884 fungunturr

1761 2057 1888 2089 PARS
