1946 2517
770 165 1332 200 ANNOTATIO.

480 251 698 282 Rationalisrae
719 251 815 279 vocari
841 253 1072 284 consueverunt,
1096 257 1218 285 quorum
1241 251 1405 289 Coryphaei
1429 253 1473 284 vel
1490 254 1667 292 antesignani
1690 257 1790 293 potius

482 311 602 339 uterque
628 310 764 331 socmus
788 310 852 330 cum
879 300 985 328 familia
1013 298 1092 336 fuit,
1119 309 1203 337 quam
1230 304 1388 339 duxerunt;
1416 304 1466 340 qui
1495 314 1666 342 quamquam
1692 309 1793 338 admit.

484 361 550 383 tunt
576 354 723 388 divinam,
751 352 918 382 hominibus
942 350 1068 386 factam,
1097 359 1187 381 rerum
1215 354 1249 382 ad
1272 354 1437 391 religionem
1461 357 1667 392 pertinentium
1689 361 1794 390 revela·

481 407 609 440 tionem,
631 412 723 434 tamen
748 413 806 433 eam
822 425 833 440 ‚
855 411 939 439 quam
966 409 994 431 et
1018 402 1113 431 Sacris
1132 402 1212 432 Novi
1228 404 1389 442 imprimis,
1409 406 1512 442 partim
1528 414 1555 436 et
1571 407 1702 446 Veteris,
1721 410 1795 440 Foe-

483 457 560 485 deris
579 456 684 484 tabulis
709 455 851 484 contineri
877 454 1021 490 fatentur,
1041 460 1090 490 et,
1111 456 1190 491 quod
1215 456 1250 484 ad
1273 457 1487 487 enuntiatorum
1509 467 1626 489 sensum
1646 466 1674 489 et
1691 462 1794 491 verita·

482 513 538 534 tem
566 505 700 534 Rationis
724 505 835 542 judicio
864 505 1043 542 subjiciunt,
1073 511 1159 542 atque
1190 507 1261 536 hanc
1296 516 1429 545 superare
1461 509 1492 538 in
1521 510 1671 539 nonnullis
1704 520 1792 548 posse

480 555 636 593 praefracte
657 563 780 593 negant,
799 562 828 584 et
850 556 1019 592 plerumque
1043 556 1092 585 vix
1117 557 1199 586 aliam
1224 566 1286 586 esse
1309 566 1342 587 ac
1367 559 1537 596 mediatam,
1558 568 1643 597 quam
1667 568 1790 598 vocant,

474 607 607 644 propriae
629 608 822 637 meditationis
847 616 921 644 ope,
954 616 970 636 a
995 607 1074 636 Viris
1101 609 1273 645 praeclarIs,
1303 608 1415 639 favente
1440 610 1587 647 Numine,
1619 612 1791 648 acquisitam

475 658 624 694 religionis
645 659 793 687 scientiam
811 658 1012 692 contendunt,
1033 667 1048 687 a
1067 659 1130 688 Deo
1146 660 1259 695 quidem
1282 661 1438 690 ordinariae
1454 662 1653 692 Providentiae
1675 663 1792 700 dispen-

475 709 639 738 sationibus
667 710 889 738 commendatam
916 710 1057 738 interdum
1072 729 1082 745 ‚
1103 718 1251 746 nunquam
1278 719 1346 741 vero
1370 713 1534 749 miraculis,
1553 721 1619 742 vere
1634 713 1678 742 sic
1696 713 1792 743 dicen-

473 760 540 795 dis,
570 759 778 790 confirmatam.
818 761 863 790 Ex
887 761 971 790 altera
992 769 1060 791 vero
1081 769 1161 799 parte
1183 764 1231 792 alii
1254 766 1329 793 male
1345 766 1616 802 philosophantium
1639 767 1708 795 vitia
1733 767 1792 802 ipsi

470 811 674 849 Philosophiae
697 812 820 841 tribuere
847 819 1024 849 coeperunt,
1052 822 1170 850 eamque
1195 821 1345 851 propterea
1374 816 1460 852 longe
1483 825 1499 844 a
1521 815 1712 845 Sanctissima
1738 817 1791 845 Di,

472 863 594 899 sciplina
616 862 781 899 abigendam
803 871 868 892 esse
887 864 1094 901 decreverunt,
1114 866 1262 895 haereseos
1283 871 1379 895 notam
1404 865 1566 903 Theologis
1588 866 1792 902 Philosophiae

475 914 541 943 usui
563 914 730 944 faventibus
758 916 869 944 inurere
895 917 996 952 parati.
1044 918 1072 946 A
1096 924 1220 952 quorum
1251 916 1352 952 inepto
1384 916 1448 952 rei,
1483 925 1566 953 quam
1600 917 1789 954 ignorabant,

476 972 624 995 contemtu
656 967 795 995 immunes
821 973 914 996 tamen
945 974 1018 1003 puto
1054 966 1146 996 fuisse
1173 967 1341 1005 Theologos
1365 974 1393 996 et
1416 967 1490 997 alios
1514 968 1654 997 Eruditos
1681 967 1789 1003 Viros,

474 1018 622 1055 religionis
638 1026 665 1046 et
683 1018 805 1047 scientia
819 1026 846 1047 et
866 1019 946 1055 praxi
968 1021 1062 1048 claros
1073 1038 1083 1054 ,
1105 1018 1154 1047 sed
1169 1025 1292 1054 quorum
1309 1026 1394 1047 voces
1411 1018 1563 1054 feruntur,
1583 1018 1787 1054 Philosophiae

470 1069 501 1097 in
530 1068 558 1097 T
561 1069 692 1105 heoiogia
718 1068 782 1097 usui
810 1069 879 1097 satis
906 1069 1038 1100 infestae.
1082 1070 1186 1108 Qualis
1213 1077 1258 1099 est
1287 1071 1334 1099 illa
1364 1079 1497 1108 JOANle
1530 1079 1732 1105 CAMERARH,
1758 1076 1789 1098 at

470 1119 570 1155 quanti
606 1119 684 1148 Viri!
724 1120 753 1148 in
776 1119 860 1148 Libr.
886 1120 943 1149 111.
973 1121 1073 1150 Ethic.
1102 1129 1257 1151 Axis-ror.
1291 1120 1332 1149 ad
1361 1122 1478 1150 Nicom.
1509 1129 1572 1157 cap.
1596 1129 1635 1157 9,
1662 1120 1790 1149 Philoso-

467 1171 570 1208 pln'am
603 1179 667 1200 cum
706 1170 858 1208 Theologia
890 1179 1000 1209 semper
1023 1173 1203 1209 periculose,
1235 1179 1317 1209 saepe
1341 1173 1428 1200 etiam
1456 1171 1638 1209 perniciose,
1669 1171 1787 1199 commt-

466 1224 554 1251 sceri.
596 1221 734 1251 Similiter
759 1231 901 1260 JoANNEs
922 1231 1108 1258 aemulus,
1137 1224 1167 1252 in
1189 1222 1265 1251 libro
1280 1243 1291 1258 ‚
1321 1230 1403 1258 quem
1428 1221 1578 1257 inscripsit
1599 1222 1786 1257 [Ipso-eadmu-

470 1285 513 1310 μοι
540 1272 574 1301 de
597 1273 691 1302 studio
715 1273 883 1311 Theologiae
904 1280 981 1302 recte
998 1275 1145 1312 privatim
1168 1272 1344 1302 instituendo
1364 1272 1584 1309 (Franequerae
1608 1279 1635 1301 a.
1655 1271 1737 1300 1618.
1758 1280 1786 1309 4.

469 1329 560 1359 repet.
589 1323 795 1352 Amstelodami
823 1325 906 1354 1668.
926 1325 979 1362 4.)
1011 1333 1041 1360 p.
1063 1325 1182 1354 8—10.
1205 1323 1359 1360 Theologo
1389 1322 1446 1350 fere
1482 1322 1629 1351 dissuadet
1658 1321 1788 1350 studium

470 1374 610 1409 Ethices‚
643 1374 782 1410 physicae
809 1382 836 1403 et
861 1374 1091 1411 Metaphysicae.
1143 1375 1223 1413 Quin
1259 1374 1320 1410 ipse
1356 1381 1542 1403 sTEPuANtss
1576 1380 1788 1409 cnussnnus,

468 1424 672 1454 Salmuriensis
701 1424 892 1462 Theologus‚
913 1426 943 1454 in
965 1425 1183 1454 Dissertatione
1201 1433 1257 1460 qua
1273 1433 1304 1453 se
1320 1424 1354 1453 de
1373 1424 1505 1453 utilitate
1531 1423 1731 1461 Philosophiae
1747 1422 1791 1452 ad

469 1475 649 1512 Theologiam
668 1482 797 1504 acturum
824 1476 987 1512 promittit,
1022 1477 1116 1513 (pag.
1133 1483 1201 1512 23³·
1231 1484 1265 1504 ex
1298 1476 1343 1504 ed.
1370 1484 1401 1504 z.
1423 1482 1569 1504 sensum
1600 1473 1718 1512 Opuscc.
1751 1473 1788 1503 de

470 1531 533 1554 rat.
555 1525 665 1561 studii,
686 1524 774 1556 Tom.
793 1527 848 1556 III.
870 1526 908 1556 L.
927 1526 960 1556 B.
982 1534 1066 1563 1792.
1089 1527 1146 1563 8.)
1177 1533 1246 1563 post
1270 1526 1323 1554 alia
1349 1525 1474 1555 fortasse
1494 1526 1588 1554 minus
1611 1525 1786 1561 prudenter,

473 1582 593 1604 tantove
619 1577 682 1605 viro
706 1577 792 1612 digne
816 1578 984 1614 proposita:
1015 1577 1156 1615 Quaero,
1178 1577 1292 1613 inquit,
1312 1586 1352 1606 an
1370 1575 1521 1613 Theologia
1539 1591 1576 1599 ·-
1601 1589 1638 1598 —
1660 1575 1790 1604 Philoso-

463 1627 554 1664 phiae
575 1628 764 1663 cognitionem
795 1629 951 1665 requirat;
972 1645 1009 1653 -
1026 1629 1160 1667 plerique
1171 1628 1241 1664 jere
1256 1637 1346 1656 omncs
1362 1627 1469 1663 ajunt;
1490 1636 1538 1655 nos
1558 1635 1706 1664 negamus.
1746 1626 1787 1655 Et

470 1678 558 1712 paulo
580 1684 664 1713 post:
688 1680 713 1707 :i
734 1679 784 1706 hoc
801 1679 889 1707 semel
904 1679 1064 1716 probavero
1076 1699 1086 1714 ,
1106 1681 1187 1708 inter
1202 1684 1386 1707 enumeratas
1407 1677 1660 1715 (Philosophiae)
1684 1681 1786 1714 partes

467 1728 579 1756 nullam
597 1736 670 1765 esse,
690 1731 738 1759 cui
757 1730 878 1768 aliquod
892 1732 928 1759 sit
946 1733 978 1759 in
989 1730 1140 1768 Theologia
1152 1733 1279 1768 pretium
1290 1749 1300 1765 ‚
1317 1743 1354 1752 ·-
1370 1729 1536 1758 institutum
1555 1726 1666 1757 abunde
1685 1728 1787 1765 opinor

468 1778 615 1814 confecero
635 1787 689 1808 etc.
731 1781 855 1809 Istorum
889 1789 980 1817 vero,
1003 1790 1078 1818 quos
1102 1781 1184 1816 dixi,
1208 1781 1403 1815 similiumque
1418 1778 1539 1815 vestigia
1562 1778 1607 1807 vel
1625 1778 1781 1806 hodienum

476 1837 626 1865 premunt,
648 1831 815 1867 quicunque
836 1833 881 1861 vel
900 1833 1030 1861 amabilis
1057 1833 1088 1861 in
1113 1831 1273 1868 Theologia
1289 1830 1483 1866 simplicitatis
1508 1829 1634 1858 studium
1651 1827 1785 1857 affectan-

471 1887 532 1914 tes,
561 1881 590 1908 in
621 1889 675 1909 una
698 1881 798 1910 Sacrae
819 1881 984 1918 scripturae
1011 1883 1246 1919 interpretatione
1269 1881 1506 1916 acquiescendum
1526 1888 1589 1908 esse
1606 1878 1783 1915 Theologo,

468 1939 517 1958 nec
536 1931 569 1958 (ie
586 1931 732 1960 doctrinae
748 1932 930 1962 Christianae
949 1934 1022 1962 locis
1046 1940 1072 1962 et
1089 1932 1236 1969 capitibus
1255 1931 1515 1968 philosophandum
1537 1936 1716 1959 asseverant:
1739 1930 1784 1957 vel

462 1988 512 2017 qui
535 1983 671 2018 majorum
695 1984 729 2012 de
757 1984 895 2020 religione
916 1985 1036 2014 decretis
1061 1992 1148 2014 coeca
1171 1983 1225 2013 fide
1243 1982 1371 2017 addicti,
1394 1982 1421 2010 in
1439 1989 1536 2010 corum
1554 1981 1696 2010 veritatem
1713 1981 1785 2008 ulte-

1728 2039 1788 2060 rius
