1946 2517
310 174 346 203 24
562 180 623 210 ,γ
717 155 1055 204 αυτΛΕῑωιι
1112 153 1424 186 DELPRAT

356 245 498 274 Stobaeus
519 251 610 273 autem
637 244 705 281 (1)
737 245 820 279 plane
843 239 985 270 contraria
1008 237 1140 267 tradidit:
1180 257 1197 274 „
1217 238 1259 268 Τὸ
1291 238 1367 271 τέλος
1392 239 1442 273 μὲν
1475 238 1564 272 Ζήνων
1589 238 1671 271 οὕτως
1693 238 1814 268 ἀπέδωκε

319 319 343 334 ,,
364 299 394 327 τὸ
421 296 635 332 ἱμολογουμένως
657 296 721 332 ζῇν,
747 297 826 323 τοῦτο
849 291 873 323 δ’
895 291 934 322 tc>
961 289 1019 319 καθ’
1041 288 1088 318 ἕνα
1109 288 1187 323 λόγον
1215 289 1262 318 20⁶)
1287 289 1437 327 συμφώνως
1464 290 1532 325 ζῆν,
1557 291 1594 322 ὥς
1617 293 1666 320 τῶν
1689 289 1818 326 μαχομέ-

317 369 341 385 ,,
364 360 411 378 νων
434 349 504 385 ζώων
528 346 792 380 κακοδκιμονούυτων.
835 344 870 373 Οἱ
896 343 924 371 δὲ
946 341 1021 378 μετᾶ
1046 342 1138 370 Τθῧῒθν
1172 340 1412 377 nostroquae-obn&
1446 339 1527 374 σῦΐως
1556 341 1702 379 ἐξέφερον,
1725 343 1817 378 ὁμολο-

321 419 344 435 ,‚
364 400 498 434 γσυμένως
520 403 553 434 τῇ
580 397 664 433 Φύσει
691 397 747 432 ζῇν.
762 394 784 407 ”

354 450 395 478 Et
422 448 469 476 alii
493 454 610 482 quoque
637 445 782 480 multispex
800 443 924 481 ¹Stoicis
950 449 1008 471 non
1029 441 1064 470 in'
1081 442 1212 479 ὁμολογίᾳ
1230 446 1264 478 τῇ
1282 441 1386 477 milret,
1407 441 1456 469 sed
1479 441 1507 470 in
1526 442 1654 479 ὁμολογίᾳ
1675 450 1819 471 summum

321 500 429 528 bonum
451 503 622 533 posuerunt.
663 495 711 524 Sic
738 495 814 525 Cato
838 495 913 530 apud
934 493 1100 522 Ciceronem
1125 493 1214 529 (2),
1248 512 1265 527 „
1287 500 1429 520 summum
1451 493 1558 521 bonum
1580 494 1705 522 hominis
1725 501 1775 529 per
1790 501 1822 522 se

325 546 498 578 laudandum
522 545 552 576 et'
574 549 781 583 expetendum,
811 545 940 581 positum
963 550 1005 572 est
1026 544 1056 572 in
1080 551 1113 572 eo
1142 544 1220 578 quod
1254 545 1399 578 ὁμολογίαν
1425 542 1536 578 Stoici,
1565 552 1619 573 nos
1645 546 1819 581 appellemus

316 600 554 630 convenientiam.
575 598 594 612 ’⁷
640 598 694 627 Sic
730 597 836 626 Seneca
867 596 1032 624 Stoicorum
1067 598 1266 630 propugnator
1301 594 1381 630 (3).
1431 592 1547 631 „Quid
1577 602 1621 623 est
1655 596 1818 631 sapientia?

317 660 428 687 semper
448 650 520 679 idem
551 650 620 679 velle
643 657 728 686 atque
752 649 823 676 idem
846 647 935 675 nolle.
945 646 965 658 ”
1009 665 1027 680 ‚‚
1047 644 1116 673 Non
1136 651 1227 672 autem
1256 650 1355 680 potest
1377 644 1510 680 cuiquam
1535 653 1646 681 semper
1667 647 1740 675 idem
1758 647 1820 683 pla·

321 711 404 738 cere,
426 702 482 731 nisi
507 700 661 730 rectum.’'
704 700 742 728 Et
762 698 926 740 plibi*(4)
950 717 969 732 ‚‚
987 703 1053 724 ante
1078 695 1171 723 omnia
1196 694 1263 722 haec
1293 702 1361 723 cura
1378 700 1411 723 ut
1432 701 1547 724 constes
1573 697 1625 725 tibi
1642 696 1752 734 (5).’'

352 754 393 783 Il.
429 754 488 790 Qui
511 759 603 782 autern
638 756 799 780 statuerunt
829 749 974 777 Zenonem
1008 747 1037 775 in
1065 747 1265 775 convenientia
1297 751 1426 774 naturae
1459 755 1601 776 summum
1639 748 1748 776 bonum
1770 756 1825 785 po·

318 805 435 840 iniisse,
459 805 531 832 hanc
557 800 874 839 quoquesentcutiam
898 797 1008 834 duplici
1036 798 1120 827 modo
1147 797 1379 833 interpretantur.

358 855 402 886 10.
423 854 600 888 Cleanthes,
628 854 680 889 qui
704 853 825 888 primum
852 850 953 887 adjecit
977 857 1076 879 vocem
1108 854 1256 884 naturae,
1283 847 1459 884 intelligebat
1483 847 1679 877 tantummodo
1701 857 1827 878 commu-

318 918 380 937 nem
407 913 567 940 naturam,
590 913 674 941 quam
700 903 782 939 sequi
808 908 938 938 oporteat
961 900 1054 939 (6).-

353 958 398 988 20.
420 957 604 994 Chrysippus
634 963 701 983 vero
732 954 908 990 intelligebat
941 958 968 980 et
999 958 1126 980 naturam
1148 958 1207 979 eam
1231 959 1427 985 communem,
1453 949 1503 979 cui
1525 957 1716 979 consentanea
1738 958 1826 986 opor-

317 1017 375 1040 teat
397 1011 509 1044 vivere,
540 1008 588 1041 sed
608 1013 767 1045 praetcrea
793 1005 935 1041 cujusque
961 1009 1090 1031 naturam
1119 1002 1335 1041 particularem
1371 1009 1489 1037 quoque
1523 1001 1695 1038 sequendam
1721 1010 1822 1033 cense-

313 1047 363 1091 biit
384 1059 468 1097 (7),
490 1058 568 1094 quod
592 1066 650 1085 non
681 1062 819 1085 statuerat
843 1054 1008 1083 Cleanthes.

328 1101 332 1106 ⁴
353 1111 496 1141 Videntur
524 1116 616 1136 tamen
645 1107 775 1143 plerique
803 1105 896 1134 Stoici
921 1104 1084 1141 Chrysippi
1110 1103 1201 1132 secuti
1226 1103 1419 1138 sententiam,
1440 1109 1524 1139 quam
1550 1103 1592 1132 sic
1614 1104 1732 1140 exponit
1753 1103 1827 1134 Dio·

309 1167 403 1200 *genes
426 1158 557 1189 Laertius
585 1160 624 1195 (8
639 1159 673 1196 ):
705 1178 723 1193 ‚‚
745 1156 805 1194 Qui
827 1164 891 1184 cum
918 1155 1089 1191 Chrysippo
1121 1160 1252 1183 statuunt
1287 1154 1444 1182 secundum
1469 1162 1548 1182 suam
1572 1161 1657 1190 atque
1679 1155 1830 1185 universo-

315 1223 377 1243 rum
399 1219 529 1241 naturam
552 1209 705 1238 vivendum
739 1216 823 1242 esse,
853 1207 882 1234 id
906 1206 1059 1241 volebant,
1089 1205 1164 1234 nihil
1194 1212 1291 1239 eorum
1326 1203 1437 1239 facere,
1466 1213 1538 1240 quae
1563 1213 1578 1233 a
1596 1206 1739 1235 communi
1763 1206 1826 1242 lege

317 1264 534 1303 prohibentur,
563 1260 583 1290 i.
608 1268 633 1291 e.
659 1269 674 1289 a
699 1265 777 1288 recta
806 1257 916 1286 ratione
939 1257 1007 1295 (9)
1031 1257 1061 1285 in
1086 1263 1185 1285 omnes
1208 1261 1369 1292 permeante
1391 1261 1418 1283 et
1444 1263 1517 1291 quae
1541 1262 1585 1284 est
1603 1256 1634 1285 in
1655 1256 1723 1294 ipso
1750 1257 1825 1293 Jove

1747 1307 1830 1344 prin-

348 1397 366 1432 (
377 1404 388 1424 1
402 1396 417 1430 )
435 1396 481 1423 ef.
497 1395 600 1428 Lipsius
614 1395 638 1419 in
652 1391 797 1418 manuduct.
812 1390 842 1416 ad
858 1391 939 1417 Stoic.
958 1389 1024 1422 phil.
1051 1388 1085 1416 L.
1104 1388 1125 1414 l.
1148 1388 1208 1415 diss.
1226 1395 1268 1420 14.

350 1442 368 1476 (
379 1442 419 1476 2)
438 1443 535 1468 Cicero
550 1441 582 1466 de
601 1440 714 1465 Finibus.
740 1439 773 1465 L.
790 1437 840 1464 111.
857 1437 889 1468 6,
906 1444 922 1469 7
937 1444 961 1462 et
980 1444 1020 1471 14.
1055 1439 1178 1471 sapientia
1193 1445 1233 1464 est
1244 1434 1387 1464 eonveniens
1401 1437 1470 1463 actio
1487 1437 1518 1463 de
1532 1437 1589 1463 Fitl.
1605 1436 1655 1464 111.
1672 1437 1713 1463 16.
1747 1443 1749 1448 ’

352 1489 418 1524 (3)
437 1489 546 1521 ΕΡΑΟ.
572 1487 633 1514 Vol.
650 1487 701 1514 111.
726 1493 752 1517 p.
768 1485 812 1511 61.
831 1484 872 1510 ed.
887 1484 1019 1516 Bipontin.

353 1535 418 1569 (4)
439 1536 489 1567 Ep.
501 1541 544 1566 3¹.
563 1535 619 1560 vol.
633 1532 683 1558 111.
701 1539 728 1563 p.
744 1537 802 1564 107.
819 1530 852 1555 de
869 1531 919 1556 vita
933 1531 1020 1557 Beata.
1044 1538 1069 1557 c.
1082 1536 1109 1562 ς.
1125 1531 1180 1556 vol.
1198 1528 1233 1555 ΙΙ.
1252 1537 1278 1561 p.
1294 1529 1336 1559 93.
1371 1546 1390 1558 „
1409 1528 1485 1553 Beata
1505 1527 1556 1552 vita
1574 1534 1610 1553 est
1626 1529 1648 1553 in
1664 1535 1734 1554 recto
1749 1535 1834 1554 certo·

319 1590 374 1616 que
394 1582 490 1615 judicio
513 1581 617 1606 stabilita
637 1586 661 1604 et
685 1576 879 1603 immutabilis.”
915 1577 985 1602 Idem
1007 1583 1109 1603 monent
1133 1577 1236 1602 Marcus
1254 1575 1394 1600 Antoninus
1413 1574 1472 1600 Vll.
1494 1580 1519 1599 2.
1543 1580 1567 1598 et
1585 1573 1632 1600 XI.
1655 1581 1701 1601 22.
1735 1574 1834 1607 Simpli-

320 1631 378 1655 cius
391 1628 514 1654 animadv.
530 1627 559 1652 nd
573 1627 731 1658 Epictetum.
751 1624 822 1650 Sent.
834 1624 878 1656 46.
896 1623 978 1649 initio.

358 1673 423 1708 (5)
441 1675 564 1698 Virtutem
587 1673 665 1697 Stoici
683 1669 834 1696 definiebant
855 1670 944 1701 ψυχῆς
956 1668 1067 1694 διάθεσιν
1086 1667 1218 1699 σύμφωνον
1238 1667 1306 1699 αὐτῇ
1321 1668 1377 1698 nep?
1395 1666 1453 1692 ὅλον
1471 1665 1515 1691 τὶν
1533 1666 1596 1697 βίον.
1631 1664 1713 1689 Animi
1732 1662 1833 1690 affectio

323 1727 411 1746 secum
431 1726 475 1751 per
491 1724 567 1744 totam
584 1719 661 1742 vitam
684 1716 854 1743 consentiens.
890 1715 1012 1740 Stobaeus
1026 1714 1085 1741 Eci.
1103 1714 1146 1739 Et.
1167 1721 1193 1745 p.
1211 1713 1267 1746 167.

357 1764 420 1799 (6)
440 1766 519 1796 Diog.
536 1765 619 1790 Laert.
638 1763 699 1789 VII.
715 1763 756 1793 89.

359 1811 424 1845 (7)
451 1811 531 1842 Diog.
552 1811 637 1836 Laii-t.
655 1809 717 1834 Vll.
736 1809 777 1839 89.
805 1826 822 1840 „
837 1807 924 1833 Nemo
945 1805 1083 1839 impediet,
1107 1807 1241 1839 quominus
1263 1807 1332 1838 leges
1355 1811 1413 1830 tuae
1432 1804 1509 1837 ipsius
1528 1809 1632 1829 naturae
1654 1801 1782 1835 sequeris,
1801 1802 1840 1827 ni·

323 1859 412 1891 ‘nilque
430 1858 474 1884 tibi
493 1855 591 1882 accidet
606 1854 676 1888 quod
693 1859 780 1880 contra
797 1860 896 1879 naturae
914 1853 1044 1880 universae
1062 1854 1130 1886 leges
1151 1853 1210 1879 sit.''
1249 1851 1352 1878 Marcus
1372 1852 1467 1878 Anton.
1486 1851 1547 1877 VII.
1561 1851 1601 1882 58.
1626 1849 1662 1876 cf.
1681 1849 1757 1875 vul.
1775 1849 1801 1875 8.

358 1903 399 1938 (8
411 1904 426 1935 )
445 1904 506 1930 vll.
525 1903 566 1930 88.

360 1949 427 1982 (9)
444 1950 601 1979 Rationem,
625 1947 762 1974 secundum
780 1946 925 1973 Stoicorum
949 1946 1116 1975 sententiam,
1143 1944 1290 1977 sequendam
1320 1951 1392 1974 esse,
1418 1950 1449 1969 cx
1469 1943 1505 1968 his
1534 1942 1597 1968 locis
1623 1940 1748 1967 conficere
1766 1941 1836 1968 licet.

327 1995 421 2023 Seneca
440 1997 492 2029 Ep.
507 1996 539 2028 76
551 2014 558 2027 ,
577 2013 596 2026 ,‚
612 1993 673 2027 quid
691 1995 715 2020 in
732 1994 834 2020 homine
850 1994 974 2026 optimum
992 1999 1028 2018 est
1040 1994 1052 2017 ?
1076 1991 1237 2018 R.1ti011:171.'’
1277 1991 1328 2017 Ubi
1348 1992 1422 2016 multa
1441 1989 1487 2014 alia
1513 1987 1593 2014 fidelia
1614 1988 1644 2013 de
1663 1988 1756 2014 ratione
1781 1985 1835 2020 (ut

1791 2031 1841 2058 bo·
