1946 2517
347 143 661 182 COMMENTATIO
682 152 724 175 An
745 142 1050 183 QUAEsTtoNEM
1080 142 1426 175 PHILOSOPHICAM.
1578 151 1616 181 43

103 228 301 266 magnitudine
320 234 348 258 et
368 227 540 257 fortitudine
564 227 758 262 admirantur,
781 226 890 255 Stoicis
909 225 985 256 forte
1011 226 1070 257 fere
1099 228 1194 256 omnia
1223 227 1405 261 concedunt3
1426 224 1612 254 consentiunt

103 280 309 316 aegritudinem
336 286 456 316 propter
482 279 604 308 officium
632 278 766 314 suscipi,
787 284 901 315 tempus
926 279 1052 307 dolorem
1076 278 1201 307 minuere
1221 278 1343 312 ideoque
1368 276 1477 304 doloris
1503 275 1613 304 falsita-

101 337 162 361 tem
190 332 357 366 ostendere,
386 330 513 358 dolorem
536 338 595 359 non
619 330 674 358 nisi
699 330 730 358 in
756 329 894 365 opinione
917 330 1003 358 situm
1026 338 1113 366 esse,
1142 337 1170 358 et
1196 337 1268 364 quae
1294 334 1363 356 sunt
1390 327 1475 363 hujus
1501 326 1610 362 genens

107 382 325 413 innumerabilia
349 382 415 411 alia.
464 382 519 410 Sed
545 389 610 410 cum
637 382 767 410 homines
795 380 867 416 ipsis
893 380 1072 410 infelicitatis
1093 380 1267 409 fulminibus
1294 377 1514 414 percutiuntur,
1545 384 1615 405 num

105 434 188 463 Zeno
220 433 256 462 iis
283 441 387 470 magno
412 433 515 461 solatio
541 432 620 463 erit?
660 432 739 460 Num
774 432 929 467 solatium,
960 432 1040 467 quod
1065 441 1081 460 a
1109 437 1234 466 tempore
1259 435 1425 465 exspectant
1456 427 1538 456 valde
1568 434 1616 454 eos

112 485 220 520 eriget,
241 484 309 512 dum
329 483 439 512 doloris
464 482 540 511 faces
561 483 685 512 ardent?
713 482 792 511 Num
822 483 924 512 morbo
945 482 1114 511 confectum
1140 482 1235 517 magni
1261 483 1379 509 interest
1403 477 1529 507 fucatam
1557 477 1617 507 ani-

109 535 150 563 mi
172 534 393 571 magnitudinem
418 534 547 562 servare‘?
599 534 706 563 Nonne
734 533 853 570 potius,
882 539 914 562 ut
937 532 1046 562 celeber
1070 533 1118 561 ille
1139 531 1267 560 Zenonis
1292 531 1453 566 discipulus
1477 529 1570 558 dicet:
1598 534 1616 556 ο

104 578 219 623 virtus,
242 587 281 615 nil
304 586 362 615 nisi
383 585 466 614 inane
486 593 591 614 nomen
612 593 642 614 es
668 586 757 623 (1)l

149 637 379 674 Explorantibus
405 637 575 665 sententiam
601 637 728 665 Zenonis
753 636 870 665 scholae
905 635 939 664 de
962 634 1120 669 felicitate,
1147 633 1203 663 hoc
1235 632 1318 661 etiam
1345 631 1471 660 occurrit
1494 631 1618 666 dogma,

104 696 168 726 quo
191 689 352 717 docuerunt
376 688 449 716 nihil
478 689 586 716 bonum
614 696 674 716 esse
696 687 754 716 nisi
778 686 943 722 Virtutem3
974 694 1038 715 nam
1063 686 1092 714 id
1116 693 1149 714 ex
1178 693 1238 721 quo
1268 684 1372 712 malum
1403 683 1473 713 oriri
1499 675 1617 718 possit,

102 747 252 776 nunquam
275 740 384 768 bonum
411 740 571 768 vocandum
596 747 668 768 esse.

117 791 203 821 Sed
215 790 242 820 si
259 791 298 819 ita
308 796 431 820 statuere
448 791 620 825 debeamus,
642 797 677 818 ne
693 790 755 825 ipsa
775 789 890 825 quidem
907 788 1012 818 Virtus
1031 788 1101 817 boni
1122 786 1312 823 appellatione
1329 763 1414 822 digna
1431 791 1484 815 est.
1513 783 1624 822 Quam·

105 850 192 880 quam
217 851 305 878 quare
330 842 473 871 Virtutem
498 852 556 872 non
581 843 690 871 bonum
719 841 912 870 vocaremus?
944 839 1096 874 Propterea
1128 838 1208 873 quod
1235 838 1290 866 sub
1325 836 1508 865 simulatione
1532 834 1624 862 virtu-

106 894 146 923 tis
179 893 269 922 multa
297 894 402 922 scelera
433 901 656 929 perpetrantur,
687 893 769 921 multi
805 891 935 920 homines
965 889 1171 925 decipiuntur3
1202 888 1338 924 quoniam
1364 887 1476 920 virtus,
1498 885 1555 913 nisi
1580 885 1624 912 10-

106 952 232 980 corum,
253 950 436 980 temporum,
465 952 649 980 personarum
674 945 812 972 rationem
837 942 922 970 habet
945 941 1058 976 risum,
1090 940 1262 974 fastidium,
1284 944 1482 972 contemtum,
1503 937 1599 965 odium
1613 955 1624 970 ‚

110 995 183 1026 vitia
204 995 268 1032 ipsa
289 996 366 1032 apud
390 996 462 1024 alios
485 995 582 1031 parit?
614 994 710 1031 quid?
733 994 871 1030 quoniam
894 1001 1003 1022 venena
1029 993 1177 1021 atrocibus
1210 990 1391 1020 facinoribus
1419 997 1513 1018 ansam
1545 994 1624 1024 prae-

106 1044 194 1082 bent,
223 1054 284 1075 non
307 1046 384 1074 bona
413 1054 518 1074 venena
541 1047 685 1082 appellare
715 1046 802 1081 licet,
830 1053 896 1073 cnm
923 1051 957 1072 ut
978 1044 1132 1073 remedium
1153 1042 1273 1071 aliorum
1302 1041 1389 1070 vitam
1416 1038 1552 1069 servent?
1575 1043 1624 1066 aut

111 1096 249 1132 quoniam
273 1095 391 1127 divitiae
415 1104 498 1132 saepe
521 1097 602 1126 luxui
627 1096 819 1132 avaritiaeque
840 1095 1022 1130 inserviunt,
1043 1102 1103 1122 non
1125 1093 1218 1122 bonae
1243 1098 1348 1126 erunt,
1369 1091 1437 1119 dum
1456 1089 1620 1118 inserviunt

107 1147 296 1183 liberalitati,
327 1148 393 1177 dum
419 1156 561 1185 pauperes
587 1149 760 1184 sublevant,
788 1147 856 1175 dum
879 1146 913 1175 ab
945 1145 1025 1175 omni
1046 1145 1136 1181 culpa
1173 1149 1296 1173 remotas
1317 1141 1514 1179 iucunditates
1542 1146 1630 1175 prae--

107 1197 202 1228 bem?
232 1198 330 1235 quid?
359 1200 496 1235 quoniam
521 1200 580 1228 vita
613 1199 785 1235 optimarum
814 1203 841 1226 et
863 1198 1080 1226 utilissimarum
1107 1195 1253 1225 actionum
1282 1202 1387 1223 cursus
1414 1200 1476 1223 esse
1509 1198 1625 1227 potest,

109 1257 179 1278 num
205 1250 341 1286 quoniam
365 1250 447 1279 etiarn
474 1258 530 1279 nos
556 1250 638 1286 ipsos
661 1255 844 1285 caeterosque
873 1249 1003 1278 homines
1028 1247 1160 1277 infelices
1183 1247 1295 1275 reddere
1327 1250 1446 1282 potest,
1475 1248 1625 1279 propterea

108 1301 241 1329 universe
262 1301 372 1330 dicam:
394 1301 452 1330 vita
472 1301 581 1330 malum
601 1301 667 1330 est?

147 1351 176 1380 Ο
191 1351 306 1388 Stoici,
326 1353 353 1381 si
372 1353 504 1382 homines
524 1353 644 1388 optimis
668 1351 964 1388 praeclarissimisque
983 1349 1069 1378 rebus
1093 1348 1250 1377 miserrime
1271 1347 1453 1380 abutuntur,
1471 1351 1542 1373 num
1559 1343 1628 1371 huic

111 1402 189 1432 vitio
213 1403 285 1432 illud
317 1403 503 1441 adjungens,
532 1410 566 1432 ut
595 1403 652 1433 hoc
677 1404 783 1431 malum
807 1402 939 1432 tribuatis
974 1409 1033 1431 non
1060 1401 1211 1430 hominum
1234 1393 1438 1435 corruptioni²
1468 1396 1517 1424 sed
1544 1394 1629 1423 rebus

110 1455 210 1492 ipsis?
246 1454 249 1458 ⁴
361 1446 365 1448 '
1424 1446 1427 1448 ·

151 1506 209 1536 Sed
226 1506 369 1544 objiciunt
388 1504 512 1535 fortasse
528 1505 621 1536 Stoici
636 1506 779 1535 bonorum
802 1504 961 1534 divisiones
983 1510 1013 1532 et
1032 1501 1259 1532 subdivisiones.
1299 1499 1354 1528 Sed
1374 1505 1469 1528 nonne
1490 1496 1541 1525 hae
1558 1496 1629 1525 sub-

112 1558 232 1588 tilitates
259 1565 409 1596 propterea
434 1558 468 1587 ab
500 1558 536 1586 iis
570 1558 701 1587 inventae
728 1565 848 1592 essent,
880 1555 1016 1592 quoniam
1049 1553 1165 1583 effatum
1192 1552 1283 1587 illud,
1316 1550 1394 1580 nihil
1427 1550 1466 1578 bo
1465 1558 1528 1577 mm
1567 1550 1625 1576 niu·

114 1612 230 1645 virtus,
257 1609 343 1638 nimis
368 1617 522 1646 asperum,
550 1609 636 1638 nimis
668 1616 770 1638 contra
804 1615 933 1637 naturam
965 1613 993 1635 et
1019 1614 1113 1634 sanam
1140 1611 1262 1633 mentem
1294 1610 1356 1631 esse
1384 1601 1442 1637 ipsi
1476 1600 1631 1636 perspicie-

113 1661 208 1690 bant?
237 1660 316 1690 Num
345 1660 470 1689 fortasse
494 1668 544 1697 per
569 1661 615 1688 illa
640 1667 791 1696 praecepta
818 1660 873 1688 hoc
901 1658 1056 1688 voluerunt
1083 1657 1200 1685 modum
1224 1655 1254 1684 in
1284 1655 1368 1683 rebus
1391 1651 1547 1691 ploductis
1571 1659 1631 1680 ser-

114 1712 240 1742 vandum
266 1710 349 1740 esse?
385 1713 426 1739 At
446 1719 513 1740 vero
535 1712 593 1749 J'am
612 1712 660 1740 diu
683 1720 748 1741 ante
763 1712 910 1740 Zenonem
937 1711 968 1741 in
990 1711 1135 1748 Delphico
1158 1710 1267 1746 templo
1285 1718 1320 1737 nc
1345 1707 1418 1747 qm'd
1442 1707 1529 1736 uimt's
1557 1704 1630 1732 mul-

119 1767 152 1792 to
169 1762 275 1790 clarius
301 1761 472 1798 inscriptum
494 1769 565 1792 erat.

160 1814 263 1849 ltaque
285 1813 311 1841 si
330 1813 432 1842 modus
456 1821 602 1851 servetur,
630 1822 781 1851 quamnam
806 1815 921 1852 culpam
946 1814 1166 1850 contrahimus,
1197 1820 1263 1842 cum
1295 1811 1333 1840 iis
1365 1810 1450 1839 bonis
1484 1807 1628 1842 fruimur,

1562 1865 1634 1894 quae

150 1938 215 1976 (ι)
232 1941 299 1967 Vere
316 1942 347 1967 de
363 1943 385 1966 la
405 1942 640 1968 Rochefoucauld:
658 1944 680 1968 la
700 1943 865 1976 philosophie
886 1943 1012 1977 triomphe
1037 1941 1160 1968 aisement
1181 1939 1224 1967 des
1248 1946 1325 1967 maux
1342 1937 1435 1973 ,Ρῦδῖέὲ
1452 1943 1477 1963 et
1497 1935 1542 1962 des
1559 1941 1633 1964 ΨΜ

119 1988 133 2014 “a
150 1989 236 2020 venit;
254 1989 314 2014 mais
336 1990 371 2015 les
393 1996 467 2015 maux
486 1990 589 2022 presens
608 1991 761 2023 triumphent
779 1990 873 2023 aselle,
893 1991 919 2025 §.
937 1999 981 2018 22·

1037 2021 1099 2052 1³2
