1946 2517
329 161 366 193 26
708 159 750 190 H.
827 159 863 189 P.
939 167 1008 188 nu
1086 157 1446 188 KANTER

334 242 421 278 dein,
443 248 475 270 ut
499 249 618 277 omnes,
641 249 715 277 quos
739 247 861 277 possent
891 247 965 269 recta
990 239 1138 276 religionis
1159 239 1341 269 Christianae
1365 240 1483 269 scientia
1513 239 1602 277 magis
1618 242 1765 279 magisque
1786 242 1840 272 im·

339 293 457 322 buerent
481 300 508 321 et
532 294 561 321 in
586 293 640 321 fide
668 294 778 321 sincera
805 299 890 328 atque
917 291 1060 326 inculpata
1085 291 1304 326 confirmarent,
1333 291 1361 319 id
1381 292 1512 319 studiose
1537 299 1670 328 agentes,
1700 300 1732 321 ut
1760 293 1844 322 uber·

339 344 427 372 rimos
457 346 517 381 ejus
554 346 667 372 tructus
695 344 730 372 ad
759 342 993 377 tranquillitatem
1026 342 1185 371 animorum
1219 349 1246 371 et
1273 343 1496 371 emendationem
1527 345 1601 372 vitae
1631 345 1789 373 luculenter
1818 351 1846 373 et

338 402 504 423 constanter
528 395 726 431 perciperent,
755 401 781 422 et
808 395 837 422 vi
873 400 952 421 nnita
978 393 1026 422 alii
1053 395 1117 422 aliis
1149 401 1262 423 strenue
1288 401 1314 422 et
1341 395 1457 422 candide
1492 395 1680 431 inservirent3
1708 396 1848 433 denique,

340 453 374 474 ut
398 447 555 488 nniversam
585 454 639 473 rtm
664 445 858 474 Christianam
880 446 909 474 in
931 445 1063 473 coetibus
1078 465 1088 479 ‚
1110 446 1217 480 quibus
1235 445 1372 481 praefecti
1389 452 1506 480 essent,
1531 452 1737 481 procurarent,
1757 445 1850 474 cultui

341 499 460 535 publico
489 504 514 525 et
535 498 635 525 sociali
660 503 840 533 praeessent,
861 503 888 525 et
912 498 984 524 ritus
1009 504 1107 525 sacros
1131 497 1271 525 divinitus
1299 497 1452 525 institutos
1476 496 1704 524 administrarent
1727 496 1770 533 (0
1785 502 1809 531 ).

380 549 423 577 De
450 549 536 576 ntodo
560 557 592 576 ac
620 549 746 584 rarione,
768 556 824 583 qua
850 548 877 576 in
906 547 1050 584 primitiva
1074 547 1202 576 Ecclesia
1231 547 1397 576 Christiana
1425 547 1490 575 haec
1514 548 1610 575 omnia
1634 546 1725 574 officia
1751 547 1852 576 minis-

343 599 379 627 tri
407 599 479 627 sacri
507 599 701 635 expleverint,
730 606 829 635 parum
856 605 994 632 constat,
1018 605 1045 626 et
1071 598 1190 626 omnino
1216 598 1340 626 dubitari
1369 604 1487 633 potest,
1514 605 1581 626 num
1608 605 1638 625 ea
1665 599 1758 633 ratio,
1780 606 1854 634 quae

342 657 442 686 postea
471 657 497 678 et
521 650 629 678 nostris
663 650 777 685 quidem
807 650 986 684 temporibus
1020 656 1132 684 recepta
1160 656 1224 684 est,
1252 650 1287 676 ab
1315 650 1393 677 omni
1420 655 1499 684 parte
1529 657 1594 676 cum
1629 649 1677 677 illa
1710 649 1854 678 Ecclesiae

342 701 560 737 antiquissimae
583 700 746 729 conveniat.
787 700 863 728 Satis
887 700 1000 734 quidem
1036 699 1111 726 inter
1137 700 1265 728 eruditos
1288 699 1441 734 convenit,
1473 700 1605 735 pleraque
1627 700 1789 735 antiquitus
1817 701 1854 729 ad

348 754 480 782 instituta
500 753 672 789 Judaeorum
700 759 727 780 et
754 752 789 780 ad
818 752 988 787 Synagogae
1014 750 1176 787 praesertim
1195 750 1330 786 judaicae
1350 751 1510 785 exemplum
1541 752 1754 779 accommodata
1781 759 1854 782 esse,

347 802 420 833 Late
447 804 588 839 imprimis
618 810 645 831 et
671 803 782 831 erudite
801 803 855 831 hoc
878 803 1070 831 demonstrare
1095 808 1216 830 conatus
1239 809 1282 830 est
1308 803 1340 831 C.
1365 802 1530 840 latfinga,
1554 802 1584 830 in
1609 801 1858 837 praestantissimo

349 854 428 882 libro
453 862 540 890 supra
568 855 658 883 citato
677 854 712 882 dc
735 855 887 891 synagoga
912 853 1036 887 Vetere,
1067 861 1239 889 quamquam
1265 853 1309 881 vir
1337 854 1525 883 doctissimus
1555 852 1704 881 nonnullis
1733 853 1858 881 subinde

349 905 456 934 nimius
476 904 567 933 fuisse
585 908 667 934 visus
687 912 730 933 est
747 905 776 934 in
796 905 901 933 ritibus
925 904 1073 933 Ecclesiae
1095 904 1276 933 Christianae
1293 913 1328 934 ex
1348 905 1384 933 iis
1399 906 1567 941 Synagogae
1579 904 1713 942 Judaicae
1728 903 1856 932 derivan-

346 957 403 986 dis.
445 955 594 985 Nonnulla
617 962 693 985 certe
712 956 874 985 Christiani
894 955 1089 992 antiquissimi
1107 956 1268 984 instituisse
1289 957 1437 992 videntur,
1458 956 1537 984 nulla
1561 956 1730 992 synagogae
1749 956 1860 984 ratione

346 1008 455 1038 habita.
498 1008 659 1037 Difficultas
682 1015 741 1036 non
768 1015 866 1043 parum
889 1014 1008 1043 angetur
1030 1014 1083 1041 eo,
1105 1006 1184 1040 qnod
1204 1006 1384 1035 manifestum
1406 1007 1464 1042 sit,
1486 1015 1546 1035 nou
1570 1007 1619 1034 diu
1643 1012 1711 1042 post
1739 1013 1858 1035 mortem

348 1060 559 1094 Apostolorum
584 1061 640 1094 jam
660 1059 768 1086 multos
794 1058 980 1086 Christianos
1000 1064 1027 1085 et
1052 1056 1199 1084 Ecclesiae
1224 1058 1371 1085 ministros
1395 1057 1429 1084 ab
1456 1057 1505 1084 illa
1526 1056 1694 1084 discessisse
1715 1055 1857 1091 simplici-

351 1114 428 1142 tate,
451 1116 522 1143 quae
546 1109 575 1136 in
595 1108 788 1136 Ecclesiarum
807 1109 933 1136 exordiis
956 1107 1075 1136 omnino
1094 1113 1226 1142 regnasse
1251 1108 1383 1141 videtur,
1411 1107 1559 1141 multaque
1580 1114 1645 1134 esse
1665 1106 1710 1134 vel
1728 1107 1863 1142 abrogata

351 1159 398 1187 vel
420 1164 526 1187 mutata
545 1158 590 1186 vel
606 1158 720 1194 addita,
742 1157 780 1186 ita
807 1166 838 1187 ut
864 1167 898 1188 ex
922 1160 1040 1196 scriptis
1065 1159 1248 1195 sequentium
1269 1160 1443 1197 scriptorum
1464 1159 1739 1188 Ecclesiasticorum
1759 1164 1860 1194 parum

349 1210 402 1238 hac
424 1210 458 1238 de
485 1218 514 1237 re
537 1215 665 1238 constet.

386 1261 448 1298 Jam
476 1260 649 1295 videndum,
676 1267 711 1289 an
737 1260 832 1289 omnia
854 1260 903 1289 illa
928 1260 1020 1289 officia
1043 1261 1253 1295 complectatur
1279 1269 1369 1290 unum
1399 1261 1470 1290 illud
1496 1260 1669 1289 vocabulum
1694 1261 1860 1292 ἐπισκοπεῖν.

353 1311 499 1347 Siquidem
526 1311 732 1339 nonnullorum
755 1319 916 1340 assumatur
935 1313 1151 1348 interpretatio,
1173 1321 1229 1346 qna
1251 1315 1407 1346 statuitur,
1429 1315 1582 1342 ἐπισκοπεῖν
1610 1313 1655 1340 liic
1677 1320 1760 1347 esse,
1775 1313 1868 1350 fungi

356 1371 472 1390 iiiuncri:
493 1362 660 1396 ἐπισκόπου,
683 1368 752 1390 tunc
773 1370 804 1390 ea
829 1370 873 1390 res
898 1366 1016 1391 omnino
1037 1364 1106 1392 hene
1130 1365 1276 1399 procedit,
1297 1365 1346 1392 sed
1365 1371 1483 1399 vereor,
1507 1370 1538 1392 ut
1557 1371 1631 1391 recte
1651 1371 1681 1392 se
1703 1365 1801 1392 habent
1822 1364 1871 1393 llln

356 1413 573 1449 interpretatio,
596 1421 668 1448 quae
690 1422 744 1441 usu
775 1414 913 1449 loquendi
941 1415 1017 1443 hatid
1046 1416 1162 1449 probari
1188 1424 1275 1451 posse
1296 1416 1419 1444 videtur.
1460 1415 1560 1450 ltaque
1580 1422 1634 1443 nos
1653 1414 1751 1449 potius
1770 1416 1804 1443 ad
1827 1415 1871 1451 ip-

356 1473 416 1494 sam
446 1464 571 1492 muneris
601 1466 672 1491 sacri
700 1465 834 1493 rationem
861 1466 967 1494 attendi
997 1468 1158 1504 volumus,
1186 1470 1272 1506 cujus
1305 1476 1400 1504 partes
1430 1476 1530 1496 omnes
1559 1474 1613 1496 tam
1643 1474 1719 1495 arcte
1744 1468 1816 1496 inter
1843 1474 1875 1496 se

360 1517 528 1552 cohaerent,
556 1522 588 1543 ut
612 1515 697 1543 altera
726 1517 772 1544 vix
794 1518 829 1544 ab
859 1517 943 1545 altera
969 1519 1082 1555 sejungi
1109 1528 1195 1555 posse
1222 1521 1370 1553 videatur,
1399 1520 1478 1554 quod
1506 1518 1617 1554 quidem
1651 1517 1734 1546 facile
1755 1525 1874 1554 appare-

359 1567 420 1602 bit,
452 1567 539 1595 niodo
567 1566 824 1594 animadvertamus
857 1568 932 1596 illam
966 1571 1041 1598 sacri
1069 1570 1194 1598 muneris
1220 1578 1346 1606 partem,
1379 1578 1452 1605 quae
1474 1578 1564 1598 curae
1588 1569 1748 1606 pectoralis
1771 1569 1873 1598 exlmie

359 1620 397 1647 ita
419 1619 509 1646 dit-tae
528 1618 643 1646 nomine
667 1620 756 1654 vulgo
787 1627 996 1654 nuncupatur,
1025 1622 1210 1656 cerniturque
1236 1620 1420 1657 potissimum
1448 1620 1477 1648 in
1512 1620 1546 1647 iis
1577 1620 1787 1655 procurandis,
1809 1621 1876 1656 qui-

364 1670 418 1696 bus
443 1670 569 1696 oninium
596 1675 622 1695 et
649 1668 826 1703 singulorum
847 1671 954 1698 civium
974 1671 1209 1701 Christianorum
1238 1677 1323 1699 relius
1342 1670 1524 1703 consulitur,
1560 1676 1587 1696 et
1613 1669 1790 1705 singulorum
1810 1671 1878 1706 qui-

366 1721 427 1749 dem
460 1720 524 1748 lidei
549 1719 757 1748 confirmandae
791 1722 979 1759 moribusque
1006 1724 1188 1753 emendandis
1215 1729 1242 1752 et
1265 1731 1344 1752 verae
1369 1723 1440 1750 adeo
1464 1719 1620 1749 afferendae
1645 1728 1735 1756 atque
1758 1722 1788 1750 in
1817 1723 1877 1750 dies

1829 1780 1882 1802 au-

401 1857 467 1891 (6)
493 1858 646 1885 Dubitartint
666 1858 765 1890 quidem
784 1859 915 1891 nonnulli,
934 1867 991 1886 num
1017 1860 1078 1887 haec
1097 1868 1222 1887 sacrorum
1242 1862 1335 1887 rituum
1353 1860 1534 1886 administratio
1552 1859 1582 1885 nd
1599 1867 1685 1886 eorum
1701 1868 1789 1886 munus
1806 1862 1881 1894 perti-

370 1907 472 1935 nuerit,
491 1912 638 1937 quamquam
657 1905 708 1936 ipsa
728 1906 820 1930 ordinis
843 1912 867 1931 ct
887 1913 959 1933 recte
977 1911 1104 1933 institutae
1121 1909 1269 1940 disciplinae
1288 1915 1351 1933 ratio
1371 1906 1394 1932 id
1416 1908 1519 1931 omnino
1539 1909 1696 1939 requireret,
1715 1914 1739 1932 et
1761 1909 1825 1932 nulla
1842 1915 1880 1933 ra-

370 1953 407 1976 tio
429 1952 564 1983 excogitari
592 1952 690 1982 possit,
714 1958 790 1983 quate
816 1952 877 1978 liacc
900 1954 1080 1980 administram
1103 1962 1116 1981 a
1142 1956 1347 1986 Presbyterorum
1371 1960 1472 1979 munere
1493 1953 1606 1984 munem
1630 1953 1727 1979 suisset.
1770 1954 1807 1978 ue
1830 1954 1881 1979 ritu

370 2000 486 2031 baptismi
503 2005 582 2022 exszat
603 1998 720 2022 disertum
739 1998 800 2033 Jcsu
822 2007 1001 2032 praecepium,
1014 2003 1145 2035 Apostolis
1161 2003 1244 2027 datum
1264 2001 1339 2025 Man.
1355 2000 1486 2025 xxviii:
1508 2006 1550 2030 19.
1568 2006 1592 2024 et
1609 1999 1641 2023 de
1660 1998 1775 2030 antiquae
1789 1998 1882 2027 Eccle-

374 2054 425 2073 siae
443 2045 488 2070 hac
502 2046 528 2070 iu
545 2052 571 2069 re
589 2051 633 2069 usu
654 2044 725 2070 conf.
744 2047 800 2070 iot-a
823 2048 886 2075 Act.
901 2047 940 2074 X}
956 2049 999 2080 38.
1019 2056 1030 2075 ι
1045 2051 1108 2077 Cor.
1124 2048 1157 2076 1:
1178 2049 1210 2076 16
1227 2055 1287 2074 cum
1304 2047 1403 2080 Ignatii
1419 2047 1534 2080 Epistola
1550 2046 1587 2072 ad
1602 2048 1702 2077 oenjrn.
1720 2045 1746 2078 §.
1763 2046 1789 2073 8.
