1946 2517
689 173 1098 209 ORATIO.
1588 186 1631 220 23

158 267 220 293 tur.
266 262 345 292 Nam
373 263 406 293 in
426 273 615 304 generosum
640 263 727 295 hunc
748 266 897 306 juvenem
925 270 1053 303 intuens
1076 272 1183 303 nescio
1204 274 1282 316 quid
1308 279 1407 319 magis
1430 277 1567 311 admirer
1588 289 1620 314 et

155 317 239 360 apud
273 319 355 356 Vos,
393 319 621 349 Humanis-simi
649 321 806 352 Juvenes!
853 325 1052 366 potissimum
1080 327 1281 371 praedicem,
1313 342 1514 366 summamne
1550 338 1620 379 ejus

153 375 302 416 pietatem
343 385 416 416 erga
446 382 617 417 parentes,
660 375 915 410 benevolentiam
949 393 1020 424 erga
1060 395 1153 422 suos,
1181 385 1356 418 honitatem
1391 401 1463 432 erga
1499 403 1626 433 omues3

154 439 194 459 an
211 429 411 471 prudentiam
435 431 467 461 in
483 432 692 473 suscipiendis
717 440 748 463 et
769 437 980 467 constantiam
1005 439 1038 469 iu
1060 441 1212 482 gerundis
1234 442 1349 482 rebuS,
1375 447 1409 476 in
1431 454 1513 478 recte
1530 452 1622 481 aesti-

154 485 279 516 mandis
309 486 477 517 hominum
503 488 641 529 ingeniis
671 489 831 522 solertiam
849 514 858 530 ,
893 492 927 523 iu
955 486 1182 537 persequendis
1219 498 1334 531 officiis
1367 501 1555 544 religionem
1589 512 1621 537 et

153 542 348 572 sanctitatem
360 542 373 571 Ρ

196 599 254 629 Hic
281 599 400 639 igitur,
423 608 520 640 quem
545 598 588 630 ob
617 600 770 632 natalium
794 602 997 645 splendorem
1022 619 1090 640 non
1112 610 1213 653 magis
1242 615 1427 652 neverebn,
1450 626 1546 658 quam
1575 616 1619 649 ob

152 653 325 696 praeclaras
352 654 442 686 hasce
464 655 585 696 ingenii
608 657 773 699 animique
792 658 882 691 dotes
909 663 1050 695 colebam
1081 676 1115 697 ac
1143 666 1335 709 diligebam,
1360 681 1463 713 quum
1490 684 1537 704 me
1569 674 1621 705 in-

149 710 252 740 vitum
276 721 342 741 non
375 711 508 750 lubens,
528 718 564 743 ut
591 713 670 743 mihi
699 714 860 753 blandior,
897 717 1095 759 dimitteret,
1128 725 1256 755 monuit
1287 736 1339 756 me
1374 733 1405 757 et
1435 727 1621 761 adhortatus

147 771 212 803 est,
242 772 278 796 ut
305 777 417 797 omnes
441 778 533 799 curas
557 779 593 799 ac
622 770 829 812 cogitationes
859 774 894 805 in
919 781 1146 810 succrescentis
1179 783 1299 822 patriae
1325 782 1504 824 juventulis
1534 796 1622 816 com-

147 822 242 852 moda
267 822 464 862 conferrem,
495 832 527 855 et
553 836 677 869 semper
705 829 747 859 ob
769 830 880 862 oculos
916 832 1086 873 haberem,
1117 835 1287 868 collocasse
1311 849 1362 869 me
1384 840 1502 881 Regem
1529 841 1563 870 in
1582 852 1618 872 ea

147 877 332 913 Academia.
350 890 446 921 quam
478 880 544 923 ipse
567 883 661 915 unice
681 884 847 928 diligeret,
867 892 987 933 quippe
1002 902 1019 922 a
1039 903 1059 923 c,
1074 903 1255 925 nul-:nmo
1280 905 1413 926 PRIMO
1433 895 1619 935 fundatam,

147 938 179 963 et
199 934 357 975 Majorum
376 935 494 978 gloriae
521 941 696 972 arctissimo
722 943 852 976 vinculo
878 947 1093 988 conjunctam.

189 990 330 1032 Accipite
358 992 454 1034 igitur
478 993 575 1034 haec,
602 998 804 1030 Ornatissimi
830 1001 982 1033 Juvenes!
1013 1003 1088 1034 fidei
1115 1015 1201 1035 meae
1233 1011 1263 1036 et
1291 1005 1428 1037 caritatis
1454 1017 1527 1049 erga
1549 1009 1615 1039 Vos

146 1045 281 1086 pignora
306 1050 498 1089 certissima,
528 1063 564 1083 ac
588 1055 774 1096 persuadete
799 1057 919 1096 Vobis,
947 1058 1068 1090 nullam
1098 1060 1177 1091 mihi
1213 1071 1280 1091 rem
1306 1063 1407 1104 magis
1425 1073 1521 1095 curae
1547 1063 1613 1096 fore

145 1111 243 1143 quam
267 1110 370 1136 vestra
392 1106 520 1147 studia,
546 1117 650 1140 vestra
678 1112 868 1150 commoda,
892 1120 1099 1156 vestramque
1125 1116 1272 1147 omnium
1295 1117 1442 1149 salutem.

765 1287 997 1322 D1x1.
