1946 2517
289 188 326 216 44

293 363 364 400 Pag.
374 369 422 392 20.

349 1080 427 1109 Ibid.

312 1232 378 1270 Pag.
391 1240 436 1262 21.

354 1589 427 1619 ibid.

316 1642 385 1678 Pag.
401 1648 446 1670 22.

361 1892 437 1922 Ibid.

365 1993 440 2023 Ibid.

741 167 1301 201 ANNOTATIO.

444 265 491 295 ta,
516 265 571 294 qua
596 255 738 290 fruimur,
768 254 925 290 Psycliicae
952 251 1113 281 Medicinae
1136 252 1222 287 luce,
1254 253 1331 280 lectu
1352 258 1380 280 et
1405 252 1541 282 meditatu
1566 253 1763 291 dignissimis,

445 310 480 339 de
500 310 641 346 *regimine
662 309 765 336 mentis
787 305 864 345 quod
882 304 1067 333 Medicorum
1091 309 1141 332 est.

445 367 676 391 ntppocim'rttm
702 373 738 380 -
765 373 801 379 -
827 356 878 384 hoc
898 355 986 391 elogio
1007 356 1122 383 ornari.
1170 354 1217 383 Sic
1247 363 1396 383 GALENUS
1426 354 1521 392 (Lib.
1545 358 1567 387 Ι.
1598 356 1632 385 cle
1651 356 1766 393 facult.

455 418 519 441 nat.
541 412 571 440 in
590 410 700 447 initio)
728 414 962 437 mt‘POCRATEM
991 405 1030 433 ait
1059 412 1118 433 non
1143 405 1240 433 minus
1265 414 1407 434 summum
1439 406 1650 444 Philosophum
1675 408 1768 438 fuisse

457 471 540 499 quam
559 460 726 494 Medicum,
748 465 794 494 et,
816 458 896 494 quod
910 456 991 485 etiam
1011 463 1113 483 PLATo
1134 456 1187 492 (iu
1211 456 1362 493 Phaedro)
1385 463 1525 493 testatur,
1546 466 1689 488 versatum
1707 469 1770 489 esse

453 514 482 543 in
511 511 678 549 cognitione
702 510 850 538 universae
873 513 989 536 naturae
1011 508 1086 543 (τῆς
1117 509 1163 537 τοῦ
1188 506 1249 537 ὅλου
1271 508 1418 544 φύσεως).
1457 508 1564 537 Utrum
1583 517 1650 539 vero
1669 518 1774 539 nemo-

455 571 557 594 carro
578 570 648 591 usus
668 561 706 590 sit
725 566 928 597 praeceptore,
947 565 982 586 an
1003 557 1095 585 amico
1117 563 1247 593 tantum,
1269 559 1302 587 de
1322 566 1355 587 eo
1380 559 1555 589 dissentiunt
1578 560 1641 589 Viri
1662 561 1770 598 Docti,

453 619 536 653 prius
562 614 736 643 testantibus
762 621 878 647 sums,
908 617 1065 644 τΖκΤΖΕ,
1094 616 1217 643 cuso,
1247 609 1310 637 aliis
1338 618 1405 638 vero
1435 618 1649 640 immemorem
1675 613 1774 648 potius

455 674 653 697 1111³1³ocRAT1
680 670 889 700 praeceptorem
910 659 1141 695 assignantibus.
1188 658 1258 688 Vid.
1286 668 1330 697 J0.
1360 668 1452 690 Fam.
1481 669 1612 691 Plemztu
1639 662 1775 701 Prolego-

454 726 539 747 mena
557 718 593 746 ad
612 716 737 754 Operum
755 718 969 742 inspectum-ts
984 709 1091 739 Latine
1113 710 1147 738 ab
1173 718 1298 739 ΛΝυτιο
1322 720 1434 741 roesto
1454 722 1602 743 versorum
1625 714 1778 745 editionem

455 768 711 804 Altenburgensem
731 774 757 794 a.
778 766 862 794 1806.
891 762 979 792 Tom.
998 759 1022 789 1.
1043 760 1073 795 S-
1095 767 1121 795 7·
1150 768 1183 796 p·
1199 768 1289 791 XLVI.
1311 777 1349 785 —
1374 761 1440 798 Ipse
1463 771 1530 792 vero
1557 768 1777 795 flmmeum-es

463 819 566 855 quanti
581 818 682 847 fecerit
705 814 942 851 Philosophiam,
970 819 1023 840 nec
1051 811 1206 840 naturalem
1234 817 1365 848 tantum,
1387 821 1484 843 verum
1512 815 1596 844 etiam
1624 817 1778 853 moralem,

457 874 502 902 vel
522 880 556 901 ex
577 870 731 901 notissimo
756 869 807 897 illo
824 867 922 896 dicto:
946 864 1048 900 Ἰατρὸς
1068 864 1123 899 γὰρ
1144 863 1297 901 φιλόσοφος
1321 865 1441 900 ἰσόθεος,
1461 871 1489 894 et
1507 867 1638 903 ratione,
1661 875 1717 903 qua
1733 876 1781 897 ve.

460 932 525 953 rum
550 923 622 951 illud
648 929 710 950 esse
733 921 931 952 demonstrat,
962 916 1033 945 efflei
1060 921 1166 952 potest.
1196 916 1282 952 (περὶ
1306 919 1503 954 commotam,
1532 921 1561 956 S.
1585 929 1615 957 5.
1643 917 1782 951 editionis

457 983 484 1012 J.
505 983 537 1003 Α.
558 981 623 1001 vau
644 980 707 1001 mm
728 977 872 1005 LINDBN,
913 965 1093 998 Professoris
1126 967 1275 1002 quondam
1303 966 1488 1005 Leydensis,
1520 969 1558 999 L.
1584 970 1620 1000 Β.
1645 971 1727 1008 1665.
1750 973 1782 1002 8.

459 1024 529 1054 Vol.
547 1023 570 1053 1.
592 1031 624 1059 p.
640 1025 713 1060 55.)

466 1080 517 1108 Mi
546 1086 679 1107 ceunsr.
719 1077 826 1106 Aderat
849 1074 961 1105 scilicet
985 1074 1015 1102 in
1041 1072 1197 1102 Auditorio
1220 1072 1412 1101 amicissimus
1440 1072 1515 1107 Vir,
1543 1081 1684 1110 JOANNES
1713 1081 1780 1103 νΛΝ

464 1137 593 1165 conns,
623 1129 700 1164 apud
729 1126 975 1162 Teleiobaptistas
999 1122 1282 1155 Amste'lodamenses
1307 1124 1411 1153 Pastor
1427 1124 1636 1160 fidelissimus,
1657 1125 1783 1155 mascula

463 1181 568 1218 pietate
584 1187 643 1209 non
660 1178 755 1207 minus
774 1186 861 1213 quam
879 1178 955 1206 varia
974 1183 1002 1205 et
1019 1180 1149 1204 accurata
1166 1174 1328 1203 eruditione
1342 1175 1523 1210 spectabilis.

458 1232 516 1260 Est
537 1230 649 1269 quidem
669 1237 741 1259 vera
763 1229 828 1257 Lex
851 1234 909 1257 etc.
929 1241 966 1249 —
988 1232 1129 1259 emeno,
1150 1223 1187 1253 L.
1204 1226 1258 1254 111.
1291 1224 1325 1252 de
1345 1224 1419 1263 Rep.
1442 1226 1518 1260 apud
1543 1233 1783 1262 ιΛοτΑΝτιυΜ,

465 1282 570 1312 Βῑνίη.
594 1281 704 1310 Institt.
733 1279 772 1308 L.
790 1278 844 1308 Vl,
864 1278 898 1307 de
920 1286 986 1307 vero
1005 1278 1106 1311 cultu,
1128 1284 1152 1306 c.
1174 1278 1201 1305 8.
1225 1276 1386 1313 (Utinam,
1408 1285 1484 1312 quos
1509 1278 1542 1306 ab
1570 1286 1699 1306 ANGELO
1724 1287 1784 1308 nm-

465 1342 498 1371 Jo
509 1352 519 1368 ‚
543 1329 765 1368 diligentissimo
784 1336 906 1358 veterum
928 1327 1072 1356 Codicum
1088 1333 1319 1362 perscrutatore,
1342 1327 1370 1355 in
1386 1326 1491 1355 abditis
1506 1326 1660 1356 Vaticanae
1677 1328 1787 1358 Biblio-

467 1385 565 1412 thecae
585 1380 721 1416 latebris,
745 1380 775 1409 in
799 1379 990 1416 palimpsesto
1016 1378 1128 1407 Codice
1152 1378 1286 1406 inventos
1303 1385 1367 1406 esse
1395 1386 1509 1406 rumore
1526 1384 1553 1407 et
1576 1378 1651 1407 fama
1672 1381 1783 1416 accepi·

472 1442 556 1468 mus,
580 1432 664 1469 (vid.
686 1431 810 1459 Nederl.
832 1429 1108 1464 staats-Caurum,
1132 1429 1214 1458 1820.
1235 1427 1292 1456 N0.
1314 1428 1359 1458 16.
1382 1429 1415 1456 ad
1436 1437 1477 1457 xx
1490 1428 1589 1466 Iam),
1610 1437 1784 1461 etczaoms

467 1486 502 1514 de
526 1482 686 1522 Republica
703 1481 770 1510 libri
789 1481 900 1510 tandem
916 1479 1070 1516 aliquando
1087 1479 1205 1516 publica
1229 1479 1293 1508 luce
1310 1479 1470 1509 donentur!
1484 1482 1502 1518 )
1523 1481 1614 1513 Conf.
1633 1481 1669 1511 de
1687 1483 1779 1521 Legg.

468 1536 509 1566 L.
528 1537 569 1565 11.
591 1543 618 1565 e.
633 1544 660 1572 4.

468 1586 524 1615 Est
542 1587 612 1614 haec
632 1594 686 1614 non
704 1586 815 1622 scripta
838 1590 895 1613 etc.
936 1591 1079 1618 emeno,
1101 1583 1156 1613 Or.
1174 1591 1229 1622 pro
1250 1584 1347 1613 Annio
1367 1585 1501 1620 Milone,
1523 1593 1550 1615 c.
1569 1595 1598 1623 4.

468 1637 624 1674 Suffectum
650 1645 708 1665 esse
730 1637 851 1673 integra
882 1641 980 1662 aetate
1011 1643 1175 1663 AssthJM.
1229 1635 1353 1663 Decreto
1388 1635 1481 1671 Regio
1507 1635 1561 1663 diei
1588 1644 1684 1664 xxvnt
1711 1636 1784 1674 Maji

471 1696 695 1718 crotocccxm.
718 1685 772 1715 N0.
794 1694 851 1723 74,
872 1693 936 1714 cum
963 1684 1072 1714 Senatu
1096 1686 1266 1715 Academico
1293 1686 1508 1714 communicato
1536 1685 1643 1715 Literis
1658 1687 1704 1717 ΙΙΙ.
1727 1689 1789 1717 Cu-

475 1745 602 1767 ratorum
621 1737 676 1765 diei
692 1744 728 1766 tv
742 1735 812 1773 Julii
826 1737 954 1772 ejusdem
973 1735 1048 1764 anni.
1092 1734 1157 1772 Ipse
1184 1744 1251 1765 vero
1281 1736 1333 1764 Vir
1353 1736 1402 1766 Cl.
1423 1744 1530 1765 novum
1550 1744 1655 1765 munus
1668 1738 1697 1766 d.
1714 1746 1789 1769 xxix

475 1787 651 1824 Septembris
667 1793 835 1823 auspicatus
854 1793 897 1815 est
913 1786 1040 1816 habenda
1055 1786 1193 1818 Oratione
1215 1787 1250 1817 de
1268 1788 1361 1818 studio
1385 1788 1476 1825 Juris
1495 1790 1642 1824 Romani,
1662 1791 1713 1820 hoc
1730 1791 1792 1830 ipso

474 1846 598 1878 tempore·
619 1838 773 1875 diligenter
793 1838 910 1867 tuendo.

475 1900 519 1928 Jo.
541 1899 581 1919 DE
605 1898 730 1918 imon-t>
752 1890 847 1924 JCtus
872 1889 945 1917 diem
972 1889 1041 1917 obiit
1064 1897 1242 1928 supremum.
1283 1889 1336 1918 Die
1353 1897 1430 1918 xxlv
1448 1889 1617 1919 Decembris
1636 1892 1724 1927 1821,
1745 1900 1793 1922 an-

477 1951 531 1971 nos
548 1949 632 1970 natus
645 1942 699 1977 67,
722 1940 788 1968 Vid.
812 1940 924 1977 Algam.
946 1939 1057 1968 Kome·
1073 1950 1107 1969 ea
1129 1939 1321 1976 Latet-bade,
1342 1949 1367 1969 a.
1389 1940 1471 1970 1821.
1494 1939 1531 1970 T.
1552 1943 1577 1969 Ι.
1600 1950 1630 1976 ρ.
1649 1950 1677 1978 3.

482 1993 682 2021 Nobilissimus
704 1992 762 2022 Vir
786 1999 927 2028 joannes
951 1998 1115 2022 flammeus
1140 1999 1298 2022 senonem.
1346 1990 1402 2020 h'ic
1428 1991 1501 2020 obiit
1524 1991 1568 2019 die
1590 1999 1644 2019 xix
1667 1992 1794 2029 januarii

1574 2050 1796 2074 elotocccxxu
