1946 2517
314 181 351 217 6,,
620 178 732 209 H.
811 179 844 208 Ρ.
924 185 993 206 n:
1073 176 1434 214 KANTER

329 262 369 291 sit
392 270 407 290 a
429 260 608 289 Doctissimo
634 259 686 297 Jo.
707 259 763 289 Ph.
788 259 913 288 Gablcro
939 259 969 288 in
990 257 1116 288 Disiert.
1139 259 1174 287 dc
1194 259 1340 298 Episcopis
1357 262 1472 298 primae
1500 254 1833 302 &clasiae-eorumque

328 315 462 350 origine,
480 313 566 350 Jenae
583 315 665 350 1805.
687 314 716 350 ς.
729 312 775 349 11,
796 318 829 341 ut
852 313 878 341 si
903 312 954 340 hac
971 312 1006 340 de
1031 319 1060 339 re
1087 310 1155 339 mihi
1179 317 1253 339 esset
1270 310 1430 347 agendum,
1450 311 1498 341 vix
1525 320 1644 348 possem
1670 321 1727 342 non
1754 313 1835 343 illius

328 364 384 393 vi‘ri
416 364 500 392 verba
524 370 658 400 repetere.

367 415 454 444 Haud
483 415 645 444 dubitanter
669 423 735 451 ergo
760 415 953 444 affirmandum
977 414 1168 448 arbitramur,
1190 413 1298 447 hosce,
1318 412 1380 442 sive
1399 413 1581 451 Presbyteri,
1601 414 1666 443 sive
1690 414 1834 452 Episcopi

334 467 473 501 audiant,
495 465 574 501 quod
589 466 627 494 ad
649 474 788 495 summam
817 465 976 494 officiorum
999 471 1027 492 et
1052 464 1204 492 consilinm
1231 465 1354 493 muneris
1379 466 1531 504 attineret,
1558 474 1676 502 prorsus
1703 466 1777 496 inter
1801 474 1835 495 se

330 517 422 547 fuisse
445 517 595 552 aequales;
629 523 723 545 utrum
755 525 824 546 vero
854 517 927 545 inter
955 524 1003 544 eos
1035 514 1121 543 fuerit
1149 514 1253 550 aliquis
1284 515 1382 544 ordine
1405 517 1518 552 primus
1545 523 1573 544 et
1600 524 1713 553 praeses
1738 524 1836 553 perpe-

332 575 421 603 tuus,
443 566 552 596 definiri
582 567 700 597 omnino
724 568 833 604 nequit.
880 567 1031 597 Probabile
1061 567 1176 603 quidem
1202 567 1278 602 hoc,
1309 575 1341 596 ut
1367 570 1431 598 aliis
1452 569 1520 598 viris
1548 569 1663 604 doctis,
1690 569 1727 597 ita
1753 568 1837 597 etiam

276 628 285 638 ⁸
327 620 369 648 Il.
391 620 533 649 Vencmae
552 617 620 655 (6)
641 620 734 647 visum
759 627 823 655 est,
846 619 896 648 sed
916 618 963 646 ille
985 617 1049 654 ipse
1066 619 1192 655 ingenuo
1211 617 1335 655 fatetur,
1356 628 1386 648 se
1406 620 1502 648 thesin
1520 629 1599 649 suam
1625 627 1683 648 non
1704 620 1838 648 affirmare

329 678 418 706 posse
439 678 473 698 ex
500 668 532 698 S.
553 669 609 705 S.,
641 678 712 705 quae
732 670 820 707 huius
845 670 884 698 rei
910 669 1045 706 nuspiam
1076 670 1253 706 meminerit,
1281 670 1331 699 sed
1357 670 1421 699 aliis
1452 671 1486 699 de
1518 670 1617 700 causis
1644 669 1836 698 verosimilem

325 722 463 758 judicare.
1839 745 1840 748 ,

337 801 341 804 ,
367 773 441 802 Eam
466 779 536 800 vero
561 771 687 801 muneris
708 771 754 800 his
775 771 932 800 demandati
958 771 1053 800 fuisse
1078 770 1234 806 rationem,
1257 776 1290 799 ut
1311 771 1399 800 sacris
1422 773 1585 808 praeiissent
1608 778 1636 799 et
1663 771 1754 800 totius
1780 770 1838 799 Ec·

329 825 434 854 clesiae
458 832 504 853 res
526 831 730 860 procurarent,
754 832 818 852 curn
841 831 876 852 ex
898 824 964 859 ipso
993 823 1162 853 Ἐπισκόπου
1193 821 1328 857 nomine,
1358 828 1416 850 tum
1439 830 1472 850 ex
1502 822 1608 858 apertis
1636 822 1736 850 Sacrae
1759 821 1840 850 scri·

334 882 434 912 pturae
459 875 532 904 locis
555 876 622 904 Act.
644 877 718 904 XX:
737 875 786 904 28.
809 874 1001 912 1Tim.·111:
1021 882 1051 910 5.
1081 872 1144 902 Tit.
1164 872 1194 900 1:
1214 881 1228 910 7
1251 872 1374 907 aliisque
1396 878 1470 901 recte
1489 873 1573 902 nobis
1596 873 1836 902 demonstravisse

335 927 448 963 videtur
469 926 612 955 Gablerus
640 926 662 956 l.
679 936 704 954 c.
730 934 795 962 pag.
812 934 859 954 21.
909 925 997 962 Quod
1020 932 1088 953 vero
1113 923 1220 952 addidit
1245 917 1466 959 argumentum,
1494 931 1528 952 ex
1553 923 1743 952 intercedente
1769 923 1840 959 Epi-

335 986 491 1014 scoporum
511 986 576 1006 cum
595 979 830 1015 ἅρχισυνοιγωγεῑς
848 976 976 1014 Judaicis
1000 975 1189 1005 similitudine
1204 974 1346 1011 petitum,
1367 983 1427 1004 non
1450 975 1530 1004 omni
1548 974 1639 1004 dubio
1664 974 1755 1011 maius
1775 981 1840 1003 esse

332 1029 514 1058 arbitramur.

371 1079 502 1108 Docendi
528 1087 634 1107 munus
669 1077 830 1113 antiquitus
861 1078 896 1106 ad
929 1076 1109 1114 provinciam
1143 1076 1290 1113 regiminis
1320 1075 1520 1104 Ecclesiastici
1555 1075 1729 1110 accessisse,
1757 1073 1842 1102 multi

335 1138 458 1168 negant,
479 1139 533 1160 nos
559 1130 751 1159 affirmandum
779 1135 926 1165 putamus.
966 1128 1112 1156 Nimirum
1143 1127 1231 1163 hujus
1261 1125 1300 1154 rei
1321 1125 1426 1155 indicia
1448 1127 1517 1154 satis
1539 1126 1613 1154 clara
1632 1124 1718 1155 uobis
1743 1124 1842 1153 adesse

329 1182 473 1213 videntur.
1772 1216 1773 1219 Ἴ

371 1232 411 1261 Et
434 1233 563 1270 primum
592 1232 707 1269 quidem
733 1238 929 1267 provocamus
957 1231 991 1259 ad
1017 1230 1080 1258 loca
1101 1229 1164 1258 Tit.
1188 1229 1218 1258 1:
1240 1237 1270 1265 9.
1302 1237 1314 1257 1
1333 1227 1412 1256 Tim.
1431 1226 1489 1257 111:
1514 1237 1544 1256 2.
1582 1229 1616 1257 In
1637 1227 1688 1256 illo
1708 1228 1774 1256 loco
1798 1235 1842 1256 re-

333 1285 480 1322 quiritur,
510 1292 543 1313 ut
567 1286 708 1317 ἐπίσκοπος
734 1283 772 1312 sit
801 1284 912 1315 δυνατὸς
941 1283 987 1312 xx>
1015 1285 1184 1319 παρακαλεῖν
1209 1281 1235 1309 ἔν
1259 1284 1294 1316 τῇ
1322 1280 1497 1316 διδκτκσιλείᾳ
1524 1283 1557 1316 ’τῇ
1588 1279 1761 1315 ὑγιαινούσῃ,
1791 1279 1840 1309 καὶ

334 1335 395 1368 τοὺς
417 1335 607 1370 ἀντιλέγοντας
633 1335 772 1371 ἐλέγχειν.
819 1334 853 1362 ln
878 1333 934 1361 hoc
963 1332 1087 1362 dicitur:
1115 1334 1259 1363 ἐπίσκοπον
1278 1339 1341 1359 esse
1369 1337 1500 1367 oportere
1524 1330 1693 1365 διδακτικὸν,
1720 1329 1776 1359 hoc
1796 1335 1843 1359 est

333 1385 374 1415 ad
392 1387 462 1414 alios
483 1385 615 1414 docendos
633 1385 773 1414 idoneum.
1806 1404 1809 1409 ι

374 1436 530 1464 ΑΠέι-ἰῐιιιιε
556 1435 622 1463 dein
651 1435 713 1463 loca
735 1434 814 1463 Pauli
846 1443 855 1463 i
880 1435 952 1464 Cor.
976 1436 1054 1464 XII:
1076 1434 1131 1470 28,
1153 1443 1198 1472 29.
1230 1433 1307 1469 Eph.
1328 1432 1387 1461 IV:
1413 1441 1458 1462 11.
1507 1432 1706 1460 Recensentnr
1731 1431 1773 1460 ibi
1796 1430 1841 1460 di-

337 1487 413 1516 versi
434 1494 577 1516 sacrorum
610 1485 805 1514 mInistrorum
833 1486 948 1515 ordines
977 1493 1004 1514 et
1029 1486 1058 1514 in
1084 1486 1174 1521 priori
1196 1485 1310 1520 quidem
1341 1490 1532 1513 memorantur
1555 1485 1735 1520 διδάσκαλοι,
1762 1483 1842 1512 nulla

342 1540 461 1573 insuper
486 1537 721 1572 Presbyterorum
740 1537 786 1566 vei
812 1537 1028 1574 Episcoporum
1061 1535 1137 1565 facta
1162 1536 1327 1571 mentione3
1361 1543 1446 1570 quare
1472 1535 1562 1564 dubio
1587 1543 1679 1563 carere
1706 1534 1840 1570 videtur,

336 1591 383 1619 liic
408 1589 580 1620 διδασκάλευς
607 1588 687 1623 dici,
719 1588 769 1623 qui
794 1587 863 1617 alias
883 1589 1052 1624 Presbyteri
1082 1589 1128 1617 vel
1149 1588 1286 1626 Episcopi
1310 1587 1511 1623 appellamini-3
1543 1587 1621 1622 quod
1642 1585 1667 1614 si
1690 1591 1843 1620 sumatur,

337 1643 398 1677 ipsa
423 1640 470 1668 illa
499 1638 694 1667 denominatio
721 1645 859 1674 testatur,
887 1648 993 1668 munus
1023 1640 1144 1668 docendi
1168 1639 1202 1667 ad
1221 1646 1270 1667 eos
1295 1637 1478 1673 pertinuisse.
1524 1636 1556 1665 In
1578 1636 1731 1673 posteriori
1756 1636 1842 1670 loco,

338 1691 455 1721 emissis
477 1690 558 1719 ctiam
581 1689 757 1725 Presbytetis
784 1695 812 1717 et
832 1689 1013 1726 Episcopis,
1037 1697 1232 1718 memorantur
1251 1689 1373 1723 ποιμένες
1391 1689 1436 1717 καὶ
1457 1689 1631 1722 Ξιδκσκιέ),ει,
1654 1686 1762 1722 quibus
1779 1685 1844 1721 qui-

343 1746 406 1774 dam
426 1750 515 1771 unum
540 1748 648 1769 tamum
672 1742 869 1770 ministrorum
894 1742 1169 1771 Ecclesiasticorum
1191 1740 1318 1769 ordinem
1337 1738 1482 1772 denotati,
1504 1738 1604 1765 exinde
1629 1742 1723 1772 patet,
1746 1737 1842 1772 quod,

339 1796 365 1825 si
387 1795 446 1822 duo
472 1792 575 1821 diversi
606 1791 779 1827 intelligendi
810 1798 923 1826 essent,
951 1792 1039 1821 Paulo
1062 1793 1162 1828 potius
1189 1791 1370 1820 scribendum
1403 1787 1507 1816 suisset
1535 1789 1597 1820 τοὺς
1630 1788 1656 1817 δὲ
1690 1787 1842 1822 ποιμένας,

339 1848 398 1878 τεὺς
418 1846 444 1874 :z
465 1845 649 1874 διδασκάλω.
699 1842 737 1870 Et
763 1850 938 1877 nequaquam
966 1843 1014 1870 alii
1042 1843 1163 1879 intelligi
1187 1850 1275 1878 posse
1303 1841 1459 1874 videntur,
1492 1847 1575 1874 quain
1606 1837 1773 1874 Presbyteri
1796 1838 1843 1865 vel

341 1897 495 1935 Episcopi‚·
517 1894 611 1928 itaque
630 1893 726 1925 eodem
756 1893 861 1928 modo,
882 1901 913 1921 ac
940 1895 968 1922 in
993 1895 1083 1931 priori
1113 1894 1198 1929 loco,
1219 1892 1284 1921 inde
1305 1890 1479 1927 conficitur,
1500 1898 1534 1919 ex
1557 1888 1682 1919 consilio
1702 1886 1843 1924 Apostoli

1780 1944 1844 1967 mu-

368 2008 436 2044 (6)
456 2009 524 2035 Ilist.
545 2007 612 2034 [λι-Ι.
630 2008 689 2033 Vol.
707 2007 755 2034 111.
775 2015 832 2040 pag.
847 2016 903 2035 200.
