1946 2517
265 182 303 209 42
622 171 736 210 JANI
773 169 1033 203 RUDOLPHI
1071 180 1143 203 vAN
1181 175 1418 207 MAiANEN

312 256 407 284 Venae
424 253 570 290 hepaticae
585 244 700 290 utrique
715 255 865 291 systemati
885 261 1053 283 communes
1071 261 1151 286 sunt.

315 306 362 336 Ab
384 304 522 334 arterioso
543 306 681 342 sanguine
698 306 802 342 pendet
815 306 893 334 calor
910 312 937 334 et
958 306 1158 337 excitabilitas.

314 357 345 386 Si
365 358 515 387 nutritioni
544 357 670 386 arteriam
698 357 856 393 hepaticam
885 358 1025 386 inservire
1051 365 1229 396 statuamus,
1258 367 1329 390 tunc
1351 369 1450 390 omnes
1473 362 1688 394 observationes
1715 371 1784 397 sunt

276 409 476 445 negligmdae,
497 409 724 444 secretionisque
741 408 959 438 conditionibus
981 409 1176 438 renuntiemus
1196 419 1314 440 necesse
1328 420 1370 441 est
1392 414 1471 450 (a).

316 461 358 489 Ea
374 462 489 495 omnia,
510 466 619 495 praeter
633 460 689 496 jam
711 459 793 487 allata
811 459 917 495 dubia,
939 468 1058 497 arguere
1071 461 1225 497 videntur,
1249 462 1278 491 ni
1297 462 1448 499 fallimur,
1471 465 1551 500 quod
1566 466 1694 495 nondum
1712 467 1782 496 satis

276 512 402 540 evictum
427 512 486 548 sit,
506 521 541 541 an
561 521 691 548 venoso,
711 520 746 541 an
767 512 906 541 arterioso
925 513 1059 548 sanguini
1079 512 1146 541 bilis
1167 513 1289 542 secretio
1308 507 1458 543 tribuenda
1479 516 1528 544 sit.

316 563 458 592 Praeterea
474 564 588 599 adhuc,
611 572 784 599 quamquam
809 564 877 592 bilis
904 565 1023 592 secretio
1045 573 1061 593 a
1088 565 1227 601 sanguine
1250 573 1358 594 venoso
1379 567 1531 596 derivanda
1558 574 1622 604 est,
1644 577 1679 598 eo
1695 570 1786 606 magis

279 621 372 643 tamen
392 615 622 643 concludendum
641 615 754 644 videtur
775 615 940 652 sanguinem
964 615 1134 644 arteriosum
1154 624 1169 645 a
1189 615 1255 645 bilis
1283 619 1440 647 secretione
1467 627 1527 648 non
1551 619 1672 655 abesse,
1695 629 1785 656 quum

277 666 436 694 secundum
464 666 606 703 §pt-angel
631 666 766 703 oxygenii
796 667 880 702 copia
904 667 940 695 ad
966 667 1032 696 bilis
1061 668 1258 698 amaricantem
1284 676 1413 699 naturam
1437 670 1636 706 perficiendam
1664 669 1790 708 requira-

281 724 327 745 tur
349 718 436 755 (b);
461 726 487 746 et
512 719 566 746 hoc
583 719 731 754 probabile
749 718 802 753 fit,
824 727 890 747 cum
918 719 985 748 bilis
1009 720 1040 748 in
1065 718 1146 748 foetu
1163 728 1221 749 non
1239 718 1416 756 respirante,
1439 730 1498 750 non
1522 730 1613 751 amara
1639 723 1677 751 sit
1698 724 1787 760 (c),

279 777 344 797 cum
360 770 446 805 adeps
462 777 495 797 ex
512 770 662 798 accedente
678 770 822 806 oxygenio
840 771 953 800 rancida
971 771 1038 807 fiat,
1059 766 1167 800 et'cum
1186 773 1215 801 in
1231 773 1321 809 pullis
1348 773 1533 809 gallinaceis,
1556 775 1604 809 qui
1623 782 1659 803 ex
1683 775 1786 803 vitello

278 822 466 858 sanguinem,
497 823 641 859 principio
665 823 749 851 valde
778 823 974 852 inflammabili
1000 830 1162 860 onustum,
1193 825 1353 861 hauriunt,
1383 824 1449 853 bilis
1476 825 1675 861 amarissima,
1703 825 1790 855 viridi

280 873 378 902 colore
398 873 487 902 tincta
508 874 663 909 reperiatur
685 873 765 910 (d).

317 927 346 962 ἕ.
369 934 416 962 27.
458 926 616 955 Possemus
634 927 726 955 adhuc
746 927 799 955 alia
822 926 929 956 adferre
958 933 1143 963 argumenta,
1164 935 1237 963 quae
1262 935 1315 963 pro
1342 933 1370 956 et
1388 933 1488 957 contra
1515 927 1607 956 varias
1631 926 1788 963 opiniones

282 983 351 1006 sunt
368 978 497 1013 prolata,
514 978 563 1006 sed
579 978 668 1006 Doct.
679 977 714 1006 de
735 977 803 1006 Hess
818 984 844 1006 et
861 978 985 1007 Muldcr
995 986 1025 1006 ea
1045 978 1139 1006 omnia
1153 980 1211 1015 J'am
1228 979 1423 1015 collegerunt,
1437 979 1578 1008 concinne
1588 985 1787 1015 exposuerunt

280 1035 331 1055 nec
349 1035 407 1056 non
426 1029 574 1064 ingeniose
590 1028 831 1064 dijudicaverunt.
871 1029 1058 1058 Pervenimus
1083 1029 1126 1058 sic
1154 1038 1208 1064 eo,
1231 1036 1261 1057 ut
1279 1037 1432 1065 praecipua
1448 1030 1546 1058 saltem
1571 1029 1788 1065 perlustraveri-

279 1087 363 1114 mus,
385 1087 458 1115 quae
479 1087 533 1115 pro
557 1080 716 1108 secretione
738 1080 824 1115 bilis,
845 1087 905 1108 tum
928 1089 942 1108 e
964 1081 1104 1118 sanguine
1123 1090 1253 1117 venoso‚
1275 1089 1338 1111 tum
1356 1091 1390 1111 ex
1418 1082 1559 1111 arterioso
1582 1082 1676 1111 afferri
1698 1083 1793 1111 solent

282 1137 468 1167 argumenta,
489 1138 561 1166 quae
580 1131 676 1159 omnia
693 1131 779 1160 nobis
797 1132 915 1167 probare
933 1134 1087 1170 videntur,
1110 1134 1190 1170 quod
1213 1135 1269 1169 lis,
1292 1143 1327 1164 an
1342 1143 1358 1163 e
1378 1142 1487 1163 venoso
1499 1155 1509 1169 ‚
1531 1143 1566 1163 an
1585 1142 1653 1163 vero
1672 1141 1706 1162 ex
1721 1140 1793 1162 arto-

287 1181 366 1209 rloso
385 1183 524 1218 sanguine
541 1182 610 1211 bilis
629 1189 814 1220 secernatur,
834 1184 907 1213 inter
931 1186 1009 1214 viros
1033 1186 1136 1215 doctos
1166 1187 1292 1215 nondum
1319 1186 1357 1214 sit
1380 1185 1561 1221 composita;
1582 1193 1707 1221 cumque
1725 1192 1795 1221 pro-

284 1241 414 1268 gressus,
439 1241 514 1269 quos
529 1234 558 1263 in
574 1241 632 1263 arte
647 1234 790 1270 fecimus,
812 1241 910 1264 tenues
934 1236 1026 1265 adhuc
1045 1237 1122 1273 sint,
1143 1247 1245 1267 novam
1266 1246 1428 1274 proponere
1445 1237 1621 1272 hypothesin
1650 1235 1792 1264 meliorem

286 1293 381 1320 neque
396 1294 577 1322 possumus,
598 1295 691 1323 neque
711 1294 818 1316 tentare
835 1289 1014 1319 auderemus.
1055 1290 1157 1318 Potius
1176 1289 1275 1324 itaque
1296 1297 1339 1317 me
1355 1289 1477 1325 accingo
1497 1289 1531 1316 ad
1547 1287 1704 1324 indaganda
1722 1294 1794 1314 non·

288 1337 366 1365 nulla
386 1338 420 1364 de
434 1337 528 1373 liene,
550 1338 660 1366 viscere
684 1345 761 1367 arete
786 1347 852 1367 cum
878 1340 1000 1376 hepate,
1021 1342 1063 1369 uti
1090 1342 1221 1376 videtur,
1241 1341 1422 1378 conjuncto,
1443 1348 1595 1376 antequam
1620 1340 1650 1368 in
1667 1345 1796 1368 contem-

290 1387 418 1423 platione
439 1397 535 1417 eorum
548 1409 558 1424 ,
581 1398 653 1424 quae
674 1384 760 1425 hepar
780 1397 930 1427 spectant,
953 1392 1176 1429 progrediamur.
1364 1399 1366 1402 '

315 1470 367 1497 (ι)
385 1470 422 1493 Cf,
439 1470 548 1497 Plamer,
565 1471 634 1491 Ueher
645 1470 685 1490 dcn
702 1471 816 1499 Ursprtmg
829 1472 870 1493 der
884 1472 965 1501 Galle,
978 1480 1001 1502 p.
1014 1478 1050 1501 35.
1079 1474 1121 1498 Cf.
1135 1473 1236 1502 Bl'chflt,
1254 1473 1327 1499 duat.
1345 1473 1401 1496 Gn·
1417 1474 1446 1498 T·
1462 1479 1483 1498 1-
1504 1480 1532 1502 Ρ·
1544 1472 1596 1500 ⁴06·
1624 1473 1662 1497 Cf·
1682 1470 1798 1500 counit,

286 1511 340 1537 Phys
364 1511 404 1531 der
421 1512 500 1539 Galle,
517 1520 540 1540 p.
559 1520 595 1539 42-

315 1554 366 1580 (b)
389 1554 423 1576 Cf,
447 1554 565 1582 ,ἢκουες-Ι,
586 1555 642 1576 qut.
660 1555 722 1581 Phys.
747 1557 774 1578 T.
794 1562 813 1579 ¹.
834 1563 855 1584 p,
871 1561 920 1583 353.

319 1596 364 1621 (Γ)
389 1596 419 1618 Cs
439 1596 576 1616 Aurenrierli
587 1612 594 1624 9
610 1597 674 1623 Phys.
693 1598 734 1620 Th.
748 1603 760 1618 α
786 1604 807 1624 ρ.
821 1603 856 1624 91.
875 1598 893 1624 §-
907 1597 958 1625 646·

316 1635 373 1664 (Ι)
393 1637 430 1660 (Ξῖ.
444 1636 560 1666 Callatim,
572 1637 663 1662 fautor.
680 1638 719 1660 der
736 1637 816 1667 Galle,
830 1645 854 1666 p.
868 1644 905 1666 94.

1654 2055 1806 2086 DIVISIO

1928 1442 1931 1445 ⁷
1931 1188 1946 1415 idn-‹unaa-
