1946 2517
596 174 1034 206 ANNOTAT
1121 175 1161 210 0.·
1584 181 1627 215 35

412 258 542 287 Indicum
568 257 674 286 idolum
697 265 835 293 aeneum,
857 258 1066 289 minusculum.
1522 259 1619 289 Acad-

371 329 380 339 .
410 311 444 339 In
468 309 556 337 Artis
574 309 704 345 operibus
723 309 846 338 Graecis
863 309 1077 348 antiquioribus

413 366 516 397 ectypa
542 367 648 396 gypsea
676 359 899 397 anaglypharum
924 367 953 390 et
981 360 1130 397 signorum
1158 359 1256 397 templi
1284 359 1393 389 Thesei
1412 365 1439 389 et
1463 359 1617 389 Partheno-

444 411 511 445 nis,
532 409 667 439 Athenis.
1263 411 1357 441 Lond.
1379 417 1407 440 et
1427 412 1528 442 Paris.
1549 418 1616 442 emt.

414 461 482 490 item
501 460 672 496 Pandrosei,
692 459 827 489 Athenis.

412 512 480 541 item
502 512 602 546 templi
623 511 771 548 Apollinis
793 511 982 547 Phigalensis.
1494 482 1520 583 Ξ
1545 518 1577 541 ut
1598 521 1619 543 s.

413 562 469 591 alia
489 569 591 599 ectypa
612 570 714 598 operae
734 562 879 591 archaicae
896 562 954 599 iam
975 562 1083 598 pridem
1104 563 1228 595 notiora.

370 632 382 643 .
412 612 499 642 Artis
519 620 607 652 opera
629 613 766 649 Graeca,
788 612 924 643 Romana
944 613 1096 643 continent

411 663 558 694 Marmora
576 664 852 703 Papenbrockiana.
1525 665 1623 694 Acad.

411 715 511 752 Caput
527 716 654 754 juvenile
673 715 825 752 pileatum.
1468 716 1624 746 Humbert.

414 766 590 803 anaglyphas
611 772 638 794 et
658 765 816 802 fragmenta
837 766 958 796 minora.
1482 767 1625 796 Rottiers.

375 835 387 845 .
416 816 450 846 In
471 819 661 846 monumentis
684 817 892 854 scpulcrah'bus
914 817 1061 854 Gram's,
1081 824 1190 856 praeter
1215 818 1393 856 anaglyphas
1410 824 1438 847 et
1454 818 1625 855 inscriptio.

413 875 466 897 nes
485 868 660 903 sepulcrales
681 859 977 905 Papetzbroekianas,
1527 868 1624 898 Acad.

480 917 627 952 eminent:

417 968 591 1006 Anaglypha
617 970 818 998 Archestratae
839 970 1011 1007 cujusdam,
1037 970 1085 1000 cui
1111 979 1163 1007 par
1187 970 1383 1008 magnitudine
1399 977 1426 1000 et
1446 971 1541 1008 operis
1559 978 1628 1007 pro-

420 1020 558 1050 minentia
586 1020 635 1050 vix
653 1021 741 1050 altera
761 1019 869 1051 Graeca
887 1021 915 1050 in
934 1030 1081 1058 quoquam
1099 1022 1212 1052 Museo
1229 1022 1404 1052 inveniatur.
1483 1021 1631 1052 Romen.

416 1071 591 1108 Anaglypha
617 1078 768 1107 praestans
792 1072 897 1108 ephebi
917 1072 1011 1108 ignoti
1033 1079 1061 1102 et
1083 1073 1210 1102 minores
1235 1073 1385 1109 quaedam.
1483 1073 1628 1103 Romen.

380 1144 386 1151 .
414 1122 492 1152 Inter
511 1128 698 1151 monumenta
718 1122 907 1159 sepulcralia,
925 1129 1037 1159 praeter
1055 1123 1339 1162 Papenbroekiana,
1533 1121 1630 1154 Acad-

459 1172 616 1202 habemus:

419 1222 636 1259 inscriptionem
656 1223 783 1253 hominis
808 1223 969 1253 Christiani
983 1223 1133 1260 defuncti,
1155 1224 1258 1255 Uticae
1275 1225 1431 1258 inventam.
1470 1226 1625 1257 Humbert.

413 1272 511 1303 Urnas
544 1280 573 1303 et
599 1282 668 1304 vasa
697 1275 808 1304 minora
842 1275 1014 1312 sepulcralia
1045 1275 1200 1311 Romana,
1239 1276 1395 1306 barbarica.
1474 1277 1571 1308 Acad.
1595 1293 1630 1302 -

951 1325 1106 1357 Humbert.
1128 1343 1166 1353 ι-
1186 1327 1336 1358 Armzen.
1356 1343 1396 1352 —
1415 1328 1447 1358 C.
1469 1329 1509 1366 J.
1531 1330 1565 1359 C.
1589 1329 1632 1359 R.

376 1398 382 1405 .
416 1374 643 1412 Inscriptionum
673 1384 791 1414 quoque
816 1384 917 1414 magna
945 1385 1010 1415 pars
1038 1377 1300 1417 Papenbroekiana
1326 1379 1483 1416 (adeoque
1503 1379 1629 1417 Acad.)

416 1433 481 1462 est,
504 1435 590 1463 quam
612 1427 814 1458 collectionem
844 1436 899 1457 nos
922 1429 1092 1466 studemus,
1113 1429 1202 1458 illatis
1225 1430 1343 1467 gypseis
1366 1430 1480 1468 ectypis
1506 1437 1556 1460 aut
1583 1439 1631 1459 ex-

418 1478 575 1507 actissimis
609 1479 783 1516 apographis
811 1479 1097 1509 celebratissimarum
1132 1480 1378 1517 inscriptionum,
1409 1481 1475 1510 inde
1496 1481 1532 1510 ab
1557 1481 1635 1510 anti-

423 1527 564 1563 quissima
592 1534 681 1557 aetate
709 1529 749 1557 ita
775 1530 941 1566 complere,
963 1538 994 1559 ut
1017 1531 1255 1567 Palaeographiae
1273 1532 1474 1568 exemplorum
1495 1531 1632 1562 absoluta

419 1578 508 1607 series
530 1579 595 1608 inde
616 1586 760 1610 nascatur.
782 1596 817 1603 -
839 1579 916 1608 Inter
935 1581 1157 1616 praestantiores
1178 1582 1248 1611 adeo
1267 1590 1357 1612 sunt:

453 1630 666 1668 Apographum
707 1630 912 1668 inscriptionis
949 1631 1140 1663 cuneiformis
1182 1632 1384 1670 Babylonicae.
1462 1635 1526 1664 Soc.
1565 1634 1632 1665 Ind-

1399 1685 1515 1715 Orient.
1537 1687 1632 1716 Lond.

457 1739 595 1769 ectypum
621 1741 760 1771 gypseum
783 1735 886 1766 similis
906 1736 1106 1773 inscriptionis
1123 1736 1272 1773 Persepol.
1487 1737 1631 1775 Anonym.

461 1790 598 1821 ectypum
629 1786 723 1814 simile
747 1786 950 1825 inscriptionis
975 1788 1201 1826 Persepolitanae
1221 1797 1237 1818 e
1265 1787 1407 1818 Biblioth.
1435 1788 1573 1818 Parisina.

1439 1840 1540 1869 Paris.
1561 1847 1630 1870 emt.

455 1886 545 1922 Gippi
574 1894 723 1925 quatuor,
753 1897 903 1928 unumque
925 1891 1118 1929 fragmentum
1139 1899 1204 1921 cum
1231 1890 1473 1928 inscriptionibus
1497 1891 1634 1927 Punicis,

497 1947 597 1969 omnes
625 1940 655 1970 in
682 1941 917 1980 Carthaginiensi
940 1945 1031 1979 ⁵010,
1060 1943 1148 1973 unico
1167 1944 1297 1981 exemplo
1312 1943 1432 1973 inventi.
1477 1941 1633 1972 Humbert.

998 1994 1024 2026 Ε
1049 2003 1066 2025 2
1553 1994 1634 2031 Apo-
