1946 2517
593 139 605 152 t·

363 167 399 195 28
765 162 1105 194 GULIELMI
1164 161 1468 194 DELPRAT

406 248 453 278 Sic
479 246 559 275 etiam
580 245 755 292 'Antoninus
784 246 822 274 L.
844 246 894 275 ils.
922 255 963 283 9,
1002 266 1019 280 ‚,
1037 251 1136 273 natura
1154 251 1180 273 et
1204 245 1276 274 ratio
1302 252 1426 282 poscunt
1450 252 1481 274 ut
1499 247 1723 277 convenientiam
1750 258 1869 289 serves,

373 300 503 330 homines
530 305 627 332 ames,
648 297 714 325 Diis
742 297 918 332 obtemperes
941 296 1015 333 (1).
1029 296 1050 308 ’⁹

403 350 545 379 Universe
564 348 654 376 officia
679 347 787 383 duplici
805 348 920 375 nomme
942 356 994 383 pro
1018 347 1132 383 duplice
1157 346 1340 375 distinctione
1361 347 1568 383 designarunt,
1594 347 1631 376 ita
1655 355 1687 377 ut
1711 358 1742 380 ea
1766 351 1796 380 in
1815 364 1870 382 ux.

364 402 474 436 θήκουτκ
494 406 521 427 et
538 399 734 434 κατορθώματα
754 398 947 427 distinxerint.
969 398 1173 436 Κατορθώματιι
1190 397 1329 434 ejusmodi
1349 397 1439 425 officia
1463 398 1622 432 vocabant,
1643 407 1715 434 quae
1730 401 1788 430 sint
1805 411 1876 438 per-

367 451 441 480 fecta
462 447 673 484 οὶᾶτοδεικτικῶς,
704 449 897 484 omnibusque
922 445 1047 477 numeris
1076 448 1228 483 absolu223
1259 454 1286 476 et
1301 447 1399 476 exinde
1425 449 1558 483 sequitur
1579 457 1678 478 eorum
1699 453 1863 487 paradoxon

364 503 461 530 omnia
482 506 560 530 recte
577 500 667 536 facta
688 500 828 537 aequalia
853 508 910 527 esse
931 500 972 536 (2
986 500 1012 536 ).
1050 500 1207 533 Καθήκοντα
1226 505 1318 526 autem
1347 499 1488 535 ejusmodi
1521 499 1595 528 facta
1626 507 1693 529 sunt
1718 510 1866 539 quorum,

361 560 414 581 ctu·
437 552 475 580 sit
500 551 607 579 factum
637 550 711 579 ratio
735 550 892 585 probabilis
917 550 994 579 reddi
1021 556 1116 586 potest
1135 549 1215 587 (3).
1265 548 1408 585 Quoniam
1442 555 1535 578 autem
1564 550 1663 586 paucis
1690 558 1864 582 eoncessum

362 608 406 631 est
430 609 521 630 rerum
547 610 647 630 causas
679 600 822 636 inquirere
844 606 872 628 et
900 600 982 636 ipsos
1010 600 1107 630 fontes
1135 601 1311 634 ultimosque
1338 607 1467 628 recessus
1498 600 1643 629 actionum
1678 602 1866 633 humanarum

360 654 519 690 inspicere,
543 661 601 681 non
631 653 817 684 ἀποδεικτικῶς
838 652 955 687 sciunt,
986 659 1038 679 cur
1061 652 1117 680 hoc
1144 657 1193 679 aut
1218 651 1291 679 illud
1311 650 1450 688 agendum
1475 650 1533 687 sit,
1567 652 1615 680 sed
1636 652 1801 688 probabiles
1824 662 1870 684 ra-

359 704 473 739 tiones,
496 711 566 739 quae
589 703 656 732 illos
684 701 890 738 determinent,
911 702 947 730 iis
973 710 1032 730 non
1055 701 1148 730 desint
1169 701 1246 738 (4).
1437 701 1441 708 '

925 752 971 781 De
992 752 1084 789 officiis
1104 760 1175 789 erga
1194 750 1301 780 Deum.

399 805 499 834 Officia
520 813 583 841 erga
610 804 702 833 Deum
719 803 764 832 his
785 802 900 831 duobus
922 802 1100 838 generalibus
1115 804 1274 839 praeceptis
1295 801 1435 831 contineri
1457 801 1599 831 statuebat
1628 803 1756 834 Zenonis
1774 804 1871 835 Setina

360 857 405 891 la,
427 863 458 884 ut
485 856 638 884 habeamus
668 856 701 883 de
726 854 886 883 Divinitate
909 859 1000 881 rectas
1022 852 1194 889 opiniones,
1220 859 1310 889 utque
1333 853 1410 881 Deos
1435 853 1564 882 colamus
1586 853 1664 890 (5).

397 908 453 936 Sed
478 908 629 943 praecipua
661 913 725 940 pars
757 905 915 933 officiorum
946 912 1010 940 erga
1041 903 1118 932 Deos
1148 904 1251 940 pendet
1277 904 1311 932 ab
1338 904 1525 939 opinionibus
1553 913 1623 940 quas
1657 906 1691 934 de
1714 906 1779 936 Diis
1809 908 1867 937 sibi

360 959 485 988 formant
504 958 607 987 Stoici.
648 959 756 986 Harum
778 963 869 985 autem
890 957 1060 993 opinionum
1085 955 1294 983 diversissimae
1318 961 1386 982 sunt
1414 955 1652 984 doctissimorum
1672 957 1797 986 virorum
1822 958 1868 987 in.

359 1010 596 1047 terpretationes,
618 1009 652 1037 ad
673 1017 743 1044 quas
770 1008 834 1036 lites
860 1016 919 1036 non
943 1006 1112 1035 dirimendas
1138 1006 1187 1034 sed
1208 1006 1310 1034 saltem
1330 1006 1511 1042 exponendas
1537 1007 1657 1042 copiosa
1680 1016 1747 1036 sane
1769 1009 1866 1045 requi-

359 1068 468 1088 reretur
486 1060 647 1088 dissertatio
660 1080 669 1094 ‚
691 1059 780 1095 hujus
800 1058 935 1094 opusculi
956 1057 1063 1086 limites
1085 1057 1170 1092 longe
1187 1057 1335 1086 excedens.
1378 1056 1473 1092 Quare
1485 1057 1603 1085 hacuna
1621 1058 1866 1088 animadversione

358 1110 475 1146 defungi
489 1110 584 1138 liceat.
624 1108 654 1137 Si
675 1109 740 1144 quis
754 1130 764 1144 ‚
786 1118 800 1136 a
817 1108 940 1145 partium
961 1107 1058 1136 studio
1079 1107 1173 1143 liber,
1198 1115 1257 1136 non
1276 1107 1439 1143 disjunctas
1461 1109 1596 1143 quasdam
1617 1108 1781 1137 Stoicorum
1799 1117 1866 1139 sen.

357 1161 460 1190 tentias
484 1161 616 1197 colligit,
646 1161 695 1188 sed
724 1161 886 1190 universum
912 1168 1008 1189 eorum
1037 1165 1162 1196 systema
1184 1158 1354 1195 perpendit,
1384 1158 1587 1187 animadvertet
1617 1159 1722 1194 credo,
1747 1159 1865 1189 Stoicos

357 1212 446 1250 magis
474 1211 511 1240 ob
538 1212 739 1240 sententiarum
765 1212 968 1240 nonnullarum
989 1212 1192 1248 splendorem,
1221 1218 1307 1246 quam
1337 1210 1374 1239 ob
1398 1216 1511 1246 rectas,
1533 1210 1626 1240 firmas
1651 1216 1680 1239 et
1708 1210 1862 1240 cohaeren-

357 1269 399 1291 tes
419 1263 452 1291 de
473 1262 539 1291 Diis
566 1262 717 1298 opiniones
742 1263 899 1291 laudandos
927 1271 998 1291 esse.

893 1312 940 1341 De
959 1313 1053 1350 officiis
1078 1322 1146 1351 crgo
1170 1322 1218 1341 nos
1243 1314 1327 1352 ipsos.

395 1364 584 1399 Praecipuum
615 1369 641 1390 et
674 1363 887 1392 celeberrimum
924 1363 1047 1391 officinm
1083 1363 1209 1391 hominis
1243 1371 1308 1399 erga
1342 1370 1372 1390 se
1403 1363 1498 1398 ipsum
1533 1362 1691 1391 secundum
1732 1364 1862 1394 Zenonis

360 1415 516 1444 doctrinam
543 1415 573 1442 in
597 1422 632 1443 eo
659 1415 794 1444 consistit
819 1421 852 1442 ut
878 1414 1002 1443 animum
1029 1405 1293 1451 perturbationibus
1321 1421 1445 1442 vacuum
1473 1413 1587 1447 reddat,
1616 1420 1708 1449 neque
1738 1416 1861 1446 externis

355 1466 439 1495 rebus
461 1465 636 1495 commoveri
665 1465 738 1493 sinat
759 1464 840 1502 (6).
1797 1505 1819 1534 P

1820 1513 1866 1541 0¹⁵2

389 1592 451 1627 (ι)
470 1595 510 1620 De
525 1593 572 1619 hac
589 1594 721 1625 partitione
733 1593 846 1618 videatur
864 1591 1006 1625 Simplicius
1023 1592 1052 1618 ad
1075 1593 1187 1626 Epicteti
1206 1592 1381 1619 Encliiridium
1397 1598 1428 1624 42
1440 1609 1448 1622 ,
1471 1596 1496 1616 et
1514 1590 1618 1617 Marcus
1641 1592 1738 1619 Anton.
1754 1591 1802 1620 lx.
1817 1601 1862 1621 Μ.

387 1637 452 1673 (2)
471 1640 515 1666 Cf.
539 1641 634 1666 Cicero
654 1641 679 1665 in
699 1639 784 1666 Parati.
801 1646 826 1671 3.
844 1639 875 1664 de
893 1640 1070 1671 κατορθύμασι
1088 1639 1125 1665 cf.
1142 1638 1289 1665 Plutarchus
1308 1638 1340 1664 de
1356 1638 1452 1664 decret.
1467 1638 1531 1670 phil.
1549 1645 1573 1664 c.
1590 1645 1630 1670 14.
1666 1638 1728 1665 Cic.
1742 1638 1774 1664 de
1795 1639 1863 1665 Fini»

354 1686 400 1711 bus
420 1686 469 1712 lll.
490 1691 525 1717 ¹4.

384 1730 447 1764 (³)
468 1733 544 1763 Diog.
565 1732 650 1758 Laert.
669 1732 730 1758 Vll.
752 1738 810 1764 107.
846 1732 940 1758 Cicero
959 1731 990 1756 de
1005 1731 1063 1758 Off.
1081 1730 1104 1757 Ῑ.
1123 1737 1148 1762 3.
1183 1731 1305 1756 stobaeus
1327 1732 1345 1758 1.
1364 1739 1388 1758 c.
1407 1739 1434 1764 p.
1452 1736 1517 1763 1⁶74,
1538 1737 1586 1763 177
1603 1738 1644 1763 sq.

383 1775 446 1811 (4)
466 1777 584 1803 Buddeus
608 1779 624 1804 1.
643 1786 667 1804 c.
686 1786 712 1810 p.
735 1778 792 1804 162.
827 1778 950 1803 Stobaeus
969 1786 995 1810 p.
1013 1784 1070 1811 174.

385 1821 449 1855 (5)
470 1823 572 1849 Marcus
590 1826 686 1850 Anton.
705 1825 726 1850 Ι.
748 1831 775 1856 ¹3
801 1831 826 1849 et
845 1825 978 1856 Epictetus
997 1826 1022 1850 in
1043 1824 1127 1851 Ench.
1141 1832 1192 1856 42,
1209 1830 1360 1856 quamquam
1378 1823 1402 1848 in
1424 1823 1471 1849 hac
1492 1822 1526 1856 §‚
1547 1821 1667 1854 quaedam
1689 1828 1722 1848 ex
1742 1822 1861 1856 Epicteti

353 1874 423 1894 textu
442 1870 567 1896 excidisse
582 1871 730 1901 videantur,
750 1877 828 1895 tamen
847 1877 910 1902 quae
927 1870 958 1895 de
976 1873 1052 1897 rectis
1068 1872 1223 1904 opinionibus
1243 1877 1275 1896 ex
1300 1877 1332 1895 eo
1354 1869 1448 1899 citavi,
1466 1869 1488 1894 ei
1507 1869 1608 1894 attribui
1625 1875 1730 1901 possunt
1749 1871 1859 1896 auctori-

352 1921 402 1939 rate
425 1915 565 1947 Simplicii,
589 1923 615 1941 ut
637 1917 808 1942 animadvertit
830 1916 861 1942 ad
880 1917 947 1942 hunc
965 1918 1050 1943 locum
1077 1906 1200 1944 bacterii.
1218 1929 1252 1936 -
1274 1917 1408 1942 Caeterum
1436 1913 1469 1940 de
1493 1914 1593 1940 Officiis
1619 1921 1677 1947 erga
1708 1915 1792 1941 Deum
1819 1916 1859 1942 cs.

352 1960 432 1992 Diog.
450 1962 534 1988 Laerr.
552 1963 612 1988 Vll.
631 1970 679 1994 119
696 1970 720 1988 et
741 1963 813 1989 Stob.
831 1971 857 1995 p.
870 1964 928 1989 282.

383 2006 447 2041 (6)
466 2009 544 2042 Diog.
563 2009 650 2036 Laert.
668 2009 730 2035 Vll.
750 2015 808 2042 117.
842 2010 901 2037 Cic.
917 2009 949 2036 de
968 2010 1024 2036 Fin.
1042 2008 1095 2036 111.
1110 2016 1151 2036 ιο.
1176 2007 1231 2036 Off.
1247 2008 1270 2035 1.
1283 2015 1317 2035 ιο
1334 2014 1358 2035 et
1372 2008 1413 2040 38.
1437 2006 1524 2034 Parad.
1540 2013 1565 2040 3.
1591 2005 1673 2034 Tusc.
1690 2005 1741 2035 111.
1758 2014 1776 2040 4
1791 2013 1817 2032 et
1830 2006 1859 2033 6.

1811 2051 1861 2079 lv.
