1946 2517
323 204 362 234 ss
555 196 558 197 ⁷
727 195 1065 229 GULIELMI
1123 193 1429 227 DELPRAT

328 295 330 299 ·
369 285 425 313 Sed
455 284 608 314 maximum
639 283 781 318 quoddam
802 280 903 309 vitium
926 279 955 308 in
973 279 1092 315 Epicuri
1114 278 1301 314 «dogmatibus
1327 278 1361 306 de
1382 278 1587 316 conjunctione
1604 277 1720 308 virtutis
1741 285 1768 308 et
1787 278 1830 308 fe·

330 336 450 365 iicitatis
477 336 571 371 inest3
596 335 674 370 quod
692 333 792 361 vitium
817 339 851 359 eo
874 331 963 367 magis
989 330 1160 367 arguendum
1181 337 1244 365 est,
1267 330 1344 365 quod
1362 331 1396 359 ad
1413 330 1508 366 ipsum
1531 338 1634 359 nexum
1651 331 1769 360 omnino
1790 335 1832 359 at-

329 388 400 416 fiiret
427 386 760 423 perniciosissimumque
787 382 910 410 videtur.
1136 390 1141 393 ¹

336 437 577 473 ⁴'Tranquillitas
602 441 646 464 est
671 441 813 463 summum
840 433 969 468 bonum,
999 432 1094 461 virtus
1121 440 1170 468 per
1200 441 1230 461 se
1256 433 1341 462 nihil.
1392 433 1469 462 Haec
1499 431 1645 469 scaturigo
1674 438 1718 460 est
1743 430 1831 460 maxi·

328 497 438 518 morum
464 495 610 520 eri-orum,
634 486 827 520 maximaeque
851 491 958 512 morum
987 483 1168 519 corruptioni
1190 491 1286 512 ansam
1309 483 1435 520 praebet.

366 537 516 569 Affirment
542 536 678 573 Epicurei
715 535 949 571 tranquillitatem
979 534 1054 562 illam
1082 542 1141 563 non
1172 535 1229 562 nisi
1264 542 1330 563 cum
1361 535 1466 563 virtute
1494 535 1603 563 adesse.
1649 534 1705 563 Sed
1730 532 1833 562 facilli-

329 596 405 617 mum
436 594 479 616 est
514 587 750 623 tranquillitatem
783 586 858 615 illam
895 593 962 614 cum
993 586 1121 614 moribus
1151 587 1324 623 conjungere
1353 586 1598 615 dissolutissimis.
1645 584 1724 623 Quid
1756 584 1831 614 enim

329 639 464 670 usitatius
493 644 555 673 est,
581 646 665 674 quam
692 638 771 674 quod
795 637 854 672 illi,
885 637 936 672 qui
959 636 1136 672 turpissimis
1160 635 1240 664 vitiis
1263 635 1350 664 dediti
1373 644 1461 672 suut,
1487 643 1580 665 tamen
1603 636 1673 665 vitia
1700 635 1833 664 commit-

328 697 416 727 tunt,
440 691 572 719 meditate
595 690 796 726 cogitateque3
828 687 877 723 qui
900 688 997 715 eodem
1023 692 1150 722 tempore
1175 695 1235 722 quo
1259 685 1368 715 ⁴nefarie
1391 694 1499 723 agunt,
1531 687 1615 716 simul
1640 694 1755 716 servant
1780 694 1832 716 eo-

328 743 472 778 mitatem‚
499 743 622 771 sedatam
650 740 873 774 amabilitatem,
901 737 1099 774 prudentiam,
1120 737 1208 766 verbo
1224 737 1396 773 Epicuream
1420 738 1685 774 tranquillitatem?
1714 738 1851 768 Scilicet·

328 801 395 822 cum
422 794 553 822 homines
577 791 749 828 aliquamdiu
779 791 876 819 sedato
904 790 1016 819 cuidam
1041 789 1144 818 mentis
1177 789 1266 818 statui
1296 789 1451 819 assuefacti
1478 798 1568 826 sunt,
1598 791 1674 819 hunc
1699 790 1831 820 habitum

326 844 410 874 facile
436 852 561 873 servant.
601 844 640 871 At
660 843 730 878 quid
748 850 795 870 aut
814 842 885 871 vitio
899 841 1085 870 favorabilius
1103 847 1153 868 aut
1172 840 1271 870 virtuti
1292 841 1483 877 perniciosius
1505 850 1589 878 quam
1612 850 1677 870 curn
1699 841 1831 871 homines

327 896 512 930 caeteroquin
530 896 585 930 (ut
601 894 712 922 scilicet
731 893 856 929 vitietur)
879 894 991 927 bonos,
1012 892 1166 926 amabiles,
1191 893 1307 921 exculto
1331 893 1468 929 ingenio,
1489 894 1560 922 bene
1581 894 1748 930 audientes,
1764 901 1833 923 cum

328 946 382 974 hos
409 947 468 975 sive
494 946 670 983 injustitiae,
691 946 753 974 sive
771 945 898 980 levitati,
925 945 985 972 sive
1006 943 1071 971 aliis
1096 943 1198 977 vitiis,
1219 942 1331 971 deditos
1358 945 1498 974 videmus.
1539 944 1615 973 Tum
1641 944 1724 974 facile
1747 945 1833 974 nobis

324 998 578 1032 persuaderemus,
608 997 676 1025 vitia
701 996 749 1024 illa
774 995 915 1024 committi
936 1001 1043 1031 posse,
1068 993 1146 1022 saiva
1169 994 1399 1030 tranquillitate,
1421 996 1565 1032 salvisque
1589 996 1688 1025 multis
1716 996 1833 1025 virtuti-

324 1048 391 1076 buS.
432 1048 588 1086 Quumque
613 1047 744 1076 homines
764 1047 793 1075 id
811 1047 866 1075 sibi
885 1053 1053 1082 persuasum
1073 1045 1195 1079 habent,
1217 1045 1297 1073 vitiis
1323 1053 1353 1074 se
1374 1047 1481 1075 dedunt
1508 1055 1567 1076 non
1592 1047 1835 1083 intemperanter,

325 1099 376 1126 sed
397 1099 558 1133 moderate,
580 1106 645 1126 cum
675 1098 855 1132 intervallis,
877 1097 1052 1133 prudenter,
1072 1102 1100 1124 et
1117 1095 1202 1132 quasi
1222 1103 1273 1132 per
1292 1097 1470 1126 methodum.

367 1148 523 1185 Fugiamus
552 1149 641 1185 igitur
665 1150 792 1178 scholam
821 1156 893 1184 quae
917 1147 1022 1176 sensim
1046 1146 1210 1183 sensimque
1237 1147 1367 1176 homines
1394 1148 1423 1177 id
1450 1156 1485 1177 ne
1506 1147 1688 1185 suspicantes
1718 1148 1834 1186 quidem

327 1200 430 1237 perdit.
469 1199 625 1237 Fugiamus
643 1201 770 1230 scholam
784 1220 795 1235 ,
817 1207 888 1235 quae
903 1199 1020 1228 virtutis
1040 1199 1220 1240 reverentiam
1240 1199 1373 1235 paulatim
1393 1199 1545 1236 diminuit,
1569 1209 1641 1236 quae
1659 1200 1832 1230 honestissi-

324 1259 387 1280 mos
407 1252 561 1288 scrupulos
584 1260 617 1280 ex
642 1252 737 1280 animo
761 1252 877 1286 evellit,
901 1259 973 1288 quae
995 1259 1114 1288 parvam
1137 1251 1206 1280 adeo
1231 1252 1363 1279 virtutem
1383 1250 1491 1287 exigit,
1513 1260 1584 1287 quae
1603 1251 1736 1281 desideria
1760 1260 1834 1281 nun·

327 1310 412 1339 quam
439 1304 552 1338 explet,
581 1311 652 1338 quae
677 1303 915 1338 praeclarissimas
940 1298 1088 1333 hominnm
1115 1303 1264 1332 facultates
1288 1304 1391 1331 sensim
1420 1304 1586 1339 sensimque
1615 1303 1721 1340 frangit
1742 1303 1833 1341 (1),

330 1361 403 1388 quae
425 1353 548 1388 denique
571 1353 706 1382 virtutem
731 1352 816 1381 uobis
841 1352 925 1390 fingit
937 1353 1102 1390 inimicam,
1127 1362 1229 1389 quam,
1259 1359 1291 1381 ut
1309 1353 1424 1382 minime
1439 1354 1524 1383 nobis
1546 1354 1625 1383 oneri
1647 1353 1707 1390 sit,
1731 1354 1837 1383 efficere

329 1403 475 1433 debemus.

370 1453 417 1482 Sic
444 1453 563 1489 Epicuri
589 1453 722 1489 dogmata
750 1461 809 1482 non
833 1460 982 1490 propterea
1015 1453 1223 1489 improbanda,
1252 1455 1385 1490 quoniam
1416 1454 1575 1490 voluptatis
1599 1455 1717 1485 nimium
1741 1456 1837 1486 instil-

325 1507 389 1540 lat,
420 1505 470 1533 sed
506 1505 639 1540 quoniam
668 1512 768 1533 contra
792 1504 880 1532 homo
912 1506 1042 1542 majorem
1073 1505 1237 1534 felicitatem
1266 1514 1349 1541 quam
1381 1507 1549 1541 Epicuream
1580 1507 1700 1542 adipisci
1725 1514 1836 1544 potest.

327 1556 396 1585 Non
417 1557 488 1585 intra
518 1556 692 1584 indolentiae
715 1556 1004 1592 Tranquillitatisque
1030 1557 1100 1586 fines
1125 1565 1155 1586 se
1172 1556 1317 1586 contineat
1338 1565 1454 1586 necesse
1485 1562 1538 1586 est.
1578 1556 1646 1585 Non
1673 1559 1838 1595 extinguere

328 1609 412 1636 debet
437 1608 529 1644 ignem
558 1607 662 1642 illum,
690 1607 739 1642 qui
763 1608 798 1634 ad
823 1608 962 1643 agendum
988 1608 1098 1637 incitat.
1139 1608 1262 1645 Latius,
1293 1609 1380 1637 altius
1406 1615 1516 1644 spectat
1544 1616 1628 1644 quam
1657 1609 1687 1637 in
1714 1617 1837 1646 angusto

327 1661 437 1688 circulo
464 1660 595 1695 corporis
622 1657 797 1686 Indolenti'ae
823 1664 850 1686 et
877 1658 981 1687 mentis
1009 1659 1234 1695 tranquillitatis.

359 1790 423 1824 (i)
443 1791 589 1817 Plutarchus
616 1791 673 1816 adv.
697 1791 818 1817 Colotem
841 1790 872 1817 C.
891 1796 941 1822 51,
958 1797 1009 1822 52,
1027 1797 1069 1823 53.
1097 1792 1191 1818 nullum
1217 1792 1370 1826 praeclarum
1389 1791 1468 1817 virum
1496 1798 1528 1817 ex
1547 1790 1652 1824 Epicuri
1674 1792 1760 1818 schola
1778 1801 1836 1826 pro·

326 1837 422 1863 i‘ectum
440 1845 502 1864 esse.
538 1840 671 1864 Caeterum
690 1837 721 1863 dc
739 1838 845 1870 Epicuri
871 1845 1005 1870 systemate
1022 1839 1120 1871 Mablyi
1142 1840 1265 1872 judicium
1290 1839 1333 1864 hic
1355 1838 1516 1863 transcribere
1541 1839 1631 1864 liceat:
1657 1856 1677 1870 ‚‚
1696 1839 1788 1865 Suivre
1807 1847 1838 1866 ce

328 1883 441 1913 Systcine
458 1884 523 1909 e'est
542 1885 564 1908 le
587 1891 680 1916 moyen
696 1884 728 1909 de
745 1891 808 1909 nou,-
830 1884 916 1909 rcudre
932 1885 1093 1911 ninlheureux
1113 1892 1143 1911 en
1161 1886 1314 1911 accreditait
1329 1892 1373 1909 uos
1394 1890 1505 1914 cneum,
1524 1890 1548 1909 et
1573 1891 1636 1910 nous
1660 1882 1716 1911 diter
1735 1884 1838 1918 jusqu'a

325 1928 479 1961 l'espt‘rancc
496 1931 526 1957 dc
540 1938 603 1957 noas
619 1930 762 1964 corrigei·.’'
801 1932 934 1964 Principes
951 1931 983 1958 de
999 1932 1117 1964 Mortuo,
1135 1933 1161 1958 in
1175 1932 1311 1973 qperibuS.
1335 1929 1368 1958 Τ.
1384 1930 1417 1958 Χ.
1439 1937 1467 1964 Ρ.
1484 1936 1543 1963 300.

1679 2073 1833 2104 PARS
