1946 2517
345 133 667 169 COMMENTA'HO
686 141 728 164 an
750 130 1055 172 QUAEsTtoNEM
1070 130 1417 164 PHILOSOPHICAM.
1594 135 1638 170 155

165 222 272 251 ‘Forma
293 220 413 250 rationis
438 218 580 256 practicae
605 215 742 246 consistit
770 215 800 244 in
822 224 853 245 ea
876 215 1058 253 aptitudine,
1087 223 1144 251 qua
1166 215 1298 245 absolute
1326 216 1512 253 obstringens
1535 221 1563 244 et
1587 222 1634 251 ge-

123 272 232 302 -neralis
258 271 298 301 sit
320 271 365 300 lex
392 271 528 300 omnibus
548 268 736 298 rationalibus
754 267 887 296 entibus.
935 267 1017 297 Hanc
1039 267 1160 296 formam
1187 267 1291 296 habent
1318 276 1419 297 omnes
1448 268 1523 303 leges
1548 274 1636 303 purae

126 322 295 358 practicae,
316 328 343 349 et
364 329 398 350 eo
416 321 482 357 ipso
504 319 646 349 ⁴differunt
668 318 703 347 ab
729 317 875 354 empiricis
902 318 1032 355 legibus,
1054 327 1126 355 quae
1142 326 1290 354 nunquam
1315 319 1525 356 generalitatem
1550 318 1636 347 abso-

125 374 219 401 lutam
244 373 345 401 habere
369 378 505 408 possunt.
549 372 624 400 Nam
644 370 790 405 quomodo
812 369 858 398 lex
876 371 1041 406 generaliter
1070 371 1165 399 omnia
1188 372 1265 399 entia
1289 371 1438 400 rationalia
1458 371 1636 407 obstringere

127 429 248 460 posset,
267 431 335 451 cum
359 422 390 451 in
408 421 468 451 alia
489 421 610 459 quadam
630 429 659 449 re
684 429 768 456 quam
789 420 818 448 in
841 421 969 456 ratione,
986 421 1121 450 omnibus
1145 422 1204 450 illis
1227 422 1343 451 entibus
1369 422 1538 458 communi,
1558 421 1637 459 prin-

131 473 242 509 cipium
266 473 371 509 habet,
392 474 459 502 dum
480 481 519 501 -ex
544 472 783 502 inclinationibus
805 478 833 500 et
858 472 1056 500 accidentibus
1077 473 1181 508 pendet
1199 475 1237 508 (1
1251 474 1293 510 )¹.?
1495 503 1498 506 Δ

166 523 210 552 De
228 524 274 552 his
293 524 336 553 sic
357 524 481 552 Kantius
504 524 590 561 (2):
612 523 727 551 materia
747 522 882 558 principii
901 523 1019 558 practici
1044 531 1088 552 est
1112 531 1157 551 res
1178 523 1323 552 voluntati
1347 523 1513 560 proposita.
1555 523 1634 551 Haec

126 583 196 604 vero
219 575 333 604 materia
353 582 403 604 aut
432 581 478 603 est
506 574 578 603 ratio
601 574 779 603 voluntatem
806 573 1016 609 determinans,
1046 580 1095 603 aut
1121 583 1192 604 non.
1241 574 1272 602 Si
1295 581 1339 603 est
1363 576 1438 604 ratio
1461 575 1637 604 voluntatem

129 627 340 662 determinans,
360 626 456 663 regula
484 626 644 655 voluntatis
671 625 833 654 conditioni
855 624 1008 660 empiricae
1028 625 1201 661 (affectioni
1224 627 1496 662 repraesentationis
1518 625 1638 663 jucundi

122 684 153 706 et
179 678 329 714 injucundi
355 677 568 706 determinantis
591 677 627 705 ad
654 676 789 713 factum)
810 675 941 712 subjecta
969 675 1063 712 foret,
1084 677 1310 712 proinde‘nulla
1333 677 1382 706 lex
1404 678 1529 714 practica
1548 682 1637 705 esset.

124 730 244 764 Atqui,
274 729 354 757 omni
379 734 511 764 separata
540 728 675 763 materia,
705 728 727 756 i.
748 736 773 756 e.
796 734 912 763 quaque
936 736 965 755 re
992 729 1135 756 voluntati
1161 729 1314 765 proposita
1342 729 1422 764 (qua
1451 728 1560 756 rarlone
1591 727 1638 755 de-

116 779 314 816 >tei-minante)
341 779 414 808 nihil
444 780 602 815 quidquam
634 779 668 807 de
699 780 761 815 lege
797 778 989 815 relinquitur,
1017 787 1103 815 quam
1123 780 1194 808 sola
1226 779 1321 810 forma
1351 779 1539 817 legislationis
1575 776 1640 805 uni-

120 832 253 861 vei-salis.

165 881 312 919 Quoniam
337 882 427 920 igitur
454 883 665 912 universalitas
694 888 838 918 tamquam
864 881 1011 911 diacritica
1036 882 1172 918 quaedam
1197 889 1267 913 nota
1297 888 1341 912 est
1366 883 1465 919 legum
1495 879 1636 918 practica-

118 941 183 962 rum
205 935 220 970 (
231 934 294 971 3),
316 934 382 962 hinc
414 935 546 970 sequitur
572 934 640 963 haec
663 935 792 969 vpractica
817 933 884 962 lex.-

163 985 212 1014 Sic
235 993 310 1022 age,
330 990 364 1012 ut
385 985 434 1014 Iex
459 985 619 1022 subjectiva
641 985 800 1015 voluntatis
825 990 893 1013 tuae
916 992 1026 1023 semper
1040 987 1133 1024 possit
1151 987 1244 1016 simul
1258 995 1318 1024 qua
1341 984 1519 1024 principium
1538 982 1639 1012 valere

115 1034 310 1073 legislattonis
330 1037 508 1069 universalis
529 1036 611 1073 (4).
651 1035 746 1073 Quam
769 1036 856 1072 legem
884 1043 913 1065 et
937 1037 979 1065 sic
999 1038 1134 1066 enunciat
1154 1037 1278 1067 Kantius
1300 1038 1392 1075 (5):

161 1087 326 1125 Nunquam
346 1088 438 1117 aliter
452 1096 546 1126 >agere
572 1087 675 1125 debeo,
696 1089 753 1117 nisi
773 1089 822 1116 ita
843 1094 878 1118 ut
904 1091 992 1118 etiam
1019 1089 1091 1118 velle
1104 1091 1212 1127 possim
1237 1095 1271 1117 ut
1297 1088 1400 1126 regula
1417 1095 1481 1116 mea
1499 1086 1547 1115 lex
1571 1085 1637 1113 uni·

118 1138 241 1168 :versalis
259 1140 467 1170 constituatur.

159 1193 275 1222 Clarius
301 1194 384 1221 etiam
407 1193 449 1221 sic
466 1194 615 1222 enuntiari
640 1199 738 1230 potest
760 1193 851 1231 (6):
873 1195 914 1223 ric
939 1201 992 1229 age
1016 1198 1050 1221 ut
1069 1192 1142 1222 velle
1167 1191 1267 1220 debeas
1287 1200 1366 1220 omne
1388 1199 1439 1220 ens
1461 1184 1633 1221 rationale,

120 1245 152 1273 in
177 1244 270 1273 eodem
290 1252 359 1273 casu
383 1253 438 1283 quo
462 1251 512 1280 tu,
534 1245 627 1274 eodem
653 1244 733 1274 modo
757 1254 846 1283 agere
870 1254 924 1283 quo
949 1251 982 1273 tu
1006 1246 1081 1282 agis.

165 1294 257 1330 Igitur
280 1295 304 1323 si
332 1303 431 1323 norma
457 1296 603 1324 actionum
621 1303 784 1324 nostrarum
810 1295 931 1324 formam
957 1296 1178 1325 universalitatis
1205 1295 1309 1329 habet,
1335 1293 1471 1323 convenit
1489 1300 1554 1321 cum
1574 1291 1636 1320 fot·

114 1352 166 1373 ma
190 1343 260 1380 legis
289 1343 452 1379 practicae,
482 1343 544 1371 sive
566 1351 636 1372 cum
670 1343 734 1379 ipsa
759 1344 860 1371 morali
886 1344 958 1380 lege.
1004 1345 1091 1382 Juxta
1120 1345 1193 1374 hanc
1217 1346 1306 1383 legem
1335 1346 1469 1375 moralem
1494 1344 1631 1373 voluntas

121 1402 251 1425 nonnam
279 1394 393 1423 liberam
422 1403 502 1422 suam
527 1395 676 1430 explorat,
698 1401 726 1422 et
743 1395 770 1423 si
793 1395 861 1423 haec
884 1403 983 1423 norma
1006 1404 1072 1424 cum
1099 1396 1160 1432 lege
1185 1397 1287 1425 morali
1311 1397 1470 1431 convenit,
1491 1403 1561 1424 tunc
1579 1401 1631 1422 vo·

121 1448 221 1477 luntas
247 1453 374 1475 normam
402 1445 535 1481 agnoscit
561 1451 594 1472 ut
619 1453 720 1480 suam,
743 1452 773 1473 ut
800 1446 1011 1482 universalem,
1033 1455 1178 1482 quamque
1205 1447 1292 1476 libere
1320 1454 1458 1483 sequatur
1479 1445 1560 1483 (7).

153 1499 214 1536 Jam
247 1505 315 1525 vero
346 1496 400 1524 hoc
433 1501 609 1531 postremum
641 1496 736 1524 locum
772 1497 872 1525 habere
907 1497 1006 1533 nequit
1033 1497 1063 1526 in
1100 1497 1252 1533 principiis
1284 1497 1497 1533 materialibus3
1528 1497 1557 1525 in
1583 1495 1628 1524 his

119 1549 195 1579 enim
222 1556 282 1578 non
309 1547 382 1577 ratio
404 1547 529 1584 practica
555 1556 604 1585 per
629 1548 810 1585 libertatern,
832 1549 882 1578 sed
902 1549 1017 1578 materia
1039 1549 1102 1585 ipsa
1125 1549 1213 1585 legem
1237 1549 1314 1578 editt
1336 1555 1404 1577 tunc
1426 1548 1498 1578 ratio
1523 1547 1630 1584 practi-

1601 1606 1634 1625 ca

149 1683 167 1718 (
180 1684 217 1718 ι)
234 1684 302 1712 Ibid.
320 1691 345 1710 et
363 1685 428 1710 Kant
447 1684 513 1711 crit.
530 1689 576 1711 rat.
592 1691 632 1717 pr.
650 1691 677 1718 p.
692 1685 717 1711 Β.
736 1683 816 1718 praef.
833 1683 862 1710 ad
880 1689 941 1711 met.
957 1691 1023 1711 mor.
1040 1690 1067 1716 p.
1083 1683 1142 1716 258.
1161 1688 1222 1711 met.
1238 1691 1301 1711 mor.
1321 1691 1348 1717 p.
1360 1685 1426 1716 278,
1444 1687 1505 1714 279·

148 1730 216 1765 (ε)
237 1732 303 1758 Crit.
320 1737 368 1757 rat.
388 1739 426 1764 pr.
452 1732 477 1764 §.
491 1739 517 1764 4.
535 1738 561 1764 p.
579 1737 618 1764 ¹5·

149 1776 211 1810 (3)
230 1778 295 1803 Crit.
309 1785 373 1809 mag.
392 1779 412 1804 Ι.
431 1786 489 1810 152.

150 1822 214 1857 (4)
231 1824 297 1849 Kant
315 1825 372 1851 crit.
394 1831 439 1851 rat.
457 1832 495 1857 pr.
522 1825 548 1856 ς.
562 1832 589 1858 7.
613 1832 639 1857 p.
659 1832 698 1857 19.
726 1826 793 1853 Met.
811 1833 875 1853 mor.
894 1833 920 1860 p.
933 1833 1002 1860 Δ995,
1022 1832 1090 1860 299,
1109 1825 1230 1860 314.<cs.
1250 1824 1306 1851 crit.
1323 1830 1388 1856 mag.
1407 1823 1428 1853 Ι.
1450 1827 1496 1855 153
1516 1827 1571 1851 ⁵le-
1596 1817 1629 1846 V·

116 1870 184 1902 236,
203 1877 269 1902 257,
287 1869 346 1897 261.
532 1870 598 1905 (5)
617 1871 683 1898 Met.
698 1879 761 1898 mor.
779 1880 805 1905 p.
821 1879 879 1906 273.

151 1915 218 1949 (6)
236 1917 301 1942 Crit.
316 1923 384 1948 mag.
404 1916 456 1948 lv,
478 1918 532 1950 158.
569 1917 641 1943 Hanc
657 1919 765 1950 regulam
781 1919 809 1944 ad
827 1920 942 1952 exempla
958 1920 1081 1953 quaedam
1099 1919 1209 1952 applicat
1227 1918 1300 1943 Kant.
1318 1923 1376 1940 met.
1389 1919 1455 1940 mor.
1473 1912 1561 1946 p.296
1573 1917 1631 1946 sqq·

152 1962 215 1996 (7)
234 1964 301 1992 Crit.
321 1970 385 1995 mag.
405 1963 427 1990 1.
448 1971 504 1997 ¹55·
540 1964 606 1991 xant
623 1965 680 1992 crit.
694 1971 739 1992 rat.
757 1972 801 1998 pr.
818 1973 846 2000 p.
862 1967 901 1993 18.
