1946 2517
344 158 659 192 COMMENTATIO
680 167 722 190 AD
744 157 1044 198 QUAESTIONEM
1064 160 1303 193 CHEMICAM.
1547 166 1585 197 25'

117 245 228 275 Contra
255 251 319 280 e03‚
350 244 400 278 qui
429 250 533 281 negant
557 242 752 272 Carbonicum
781 251 814 271 ex
842 243 935 272 Acido
960 243 1125 274 Cat-bonico
1152 244 1324 281 proveniens
1350 243 1485 272 inservire
1513 252 1581 279 pos-

76 303 111 326 se
132 298 167 325 ad
193 295 364 325 soliditatem
400 296 506 331 plantis
534 295 741 330 praebendam,
777 295 938 330 exemplum
963 303 997 324 ex
1028 304 1116 332 regno
1143 295 1311 332 inorganico
1339 295 1499 322 desumtum
1531 295 1583 323 ali-

79 347 228 383 quomodo
258 347 452 375 demonstrare
482 345 552 374 mihi
581 345 715 379 videtur,
749 344 921 375 soliditatem
957 345 1110 382 aliquando
1139 356 1154 375 a
1185 347 1246 375 sola
1273 346 1359 383 hujus
1391 345 1474 373 Acidi
1505 353 1584 380 prae-

76 397 168 426 sentia
192 397 329 433 pendere:
359 405 388 426 v.
410 405 437 425 c.
469 402 599 424 sumatur
619 396 759 423 Marmor
782 396 843 424 sive
872 397 964 435 Lapis
993 397 1151 426 Calcareus
1170 397 1283 432 Rudis,
1311 396 1457 433 frangatur
1486 402 1512 423 et
1537 395 1581 423 in-

78 448 217 476 fundatur
239 447 363 476 Acidum
398 447 540 483 quoddam
554 447 597 475 'in
628 445 768 475 fracturas
782 467 793 482 ,
823 447 918 476 statim
951 445 1163 477 effervescentia
1197 448 1360 483 obtinebit,
1393 447 1579 483 praesentiam

77 498 164 527 Acidi
190 498 346 528 Carbonici
363 498 512 527 denotans.
553 497 585 525 Si
600 497 709 525 tamdiu
725 497 849 526 Acidum
871 498 942 526 illud
964 498 1148 535 infunditur,
1178 500 1268 528 donee
1293 498 1503 528 effervescentia
1521 506 1583 526 ces·

79 549 176 585 saint,
197 556 225 578 et
242 549 364 578 Acidum
384 547 578 578 Carbonicum
598 548 750 584 expulsum
768 547 842 583 erit,
864 548 942 576 omni
966 549 1154 578 consistentia
1174 549 1343 578 destitutum
1362 550 1415 578 erit
1431 549 1579 584 Marmor,

78 601 205 630 multum
229 600 363 637 ponderis
384 600 529 636 amiserit,
551 605 578 628 et
598 607 672 634 aqua
693 598 784 627 affusa
803 599 832 627 in
854 599 1014 635 pultaceam
1035 601 1176 629 materiem
1196 601 1369 630 collabetur.

116 651 223 680 Probat
239 651 313 679 illud
329 652 491 688 exemplum
513 651 651 680 influxum
669 649 758 687 hujus
776 649 862 680 Acidi
880 650 1037 682 CarbonIci
1051 652 1085 681 ad
1101 651 1278 681 formandam
1300 652 1473 681 soliditatem
1496 658 1584 687 atque

72 702 305 732 consistentiam.

113 752 167 781 Uti
193 753 222 782 in
243 753 431 790 physiologia
447 753 573 783 Animali
589 762 671 790 saepe
695 753 874 784 functionem
900 763 997 784 sanam
1017 764 1052 784 ex
1066 762 1142 784 statu
1159 754 1346 792 pathologico
1370 754 1514 791 explicare
1530 760 1579 783 va-

73 804 186 839 lemus,
213 805 256 833 sic
289 805 371 833 etiam
396 805 443 833 hic
469 805 503 833 de
527 805 685 834 Carbonici
717 805 841 834 utilitate
865 806 993 842 ,iudicare
1026 815 1185 842 possumus
1217 814 1251 834 ex
1288 805 1366 834 illius
1399 804 1580 841 privatione3

78 855 198 890 quando
227 855 439 892 decompositio
455 856 541 885 Acidi
559 855 716 884 Carbonici
734 856 910 892 impeditur,
930 856 969 884 ita
995 862 1028 885 ut
1046 857 1161 893 plantae
1183 856 1381 885 Carbonieum
1402 856 1459 884 sibi
1477 863 1582 891 appro-

75 906 169 942 priare
187 914 246 934 non
264 913 410 942 possunt,
432 906 537 943 (quod
554 905 586 934 fit
607 915 637 936 v.
658 915 688 936 c.
710 906 826 935 absente
844 908 932 944 luce)
954 907 1086 936 soliditas
1105 915 1198 936 earum
1217 907 1355 935 minuitur
1375 907 1420 943 (a
1433 907 1460 942 )‚
1481 906 1582 941 ingens

72 956 198 992 lmuoris
223 965 314 986 massa
334 957 364 986 in
378 965 476 985 earum
492 956 600 985 fabrica
617 956 779 992 formatur,
800 958 882 986 color
909 965 936 986 et
964 965 1025 988 tota
1046 958 1134 988 facies
1154 965 1303 993 mutatur,
1333 956 1472 995 (Gallice
1489 957 1586 984 etiolc-

72 1008 176 1043 ment)
198 1007 237 1036 ita
253 1015 285 1036 ut
302 1007 466 1036 dilabantur
480 1007 511 1035 in
531 1008 727 1036 conditionem
749 1008 831 1044 quasi
851 1008 1012 1038 Chloroseos
1036 1009 1239 1048 Hydropicae,·
1260 1011 1349 1045 (nam
1368 1016 1434 1036 cum
1456 1015 1488 1036 ea
1505 1007 1584 1036 vide-

76 1063 125 1086 tur
140 1058 330 1094 comparanda
351 1058 418 1086 haee
444 1058 584 1095 affectio)
605 1066 662 1093 qua
688 1058 805 1087 affectae
830 1060 935 1088 sensim
959 1066 1141 1088 marcescunt
1162 1068 1194 1087 ac
1220 1059 1395 1090 moriuntur.

113 1109 310 1137 Carbonicum
339 1117 427 1145 porro
443 1116 528 1144 quam
549 1110 670 1136 maxime
686 1108 758 1136 facit
781 1110 814 1138 ad
835 1109 1036 1140 formationem
1063 1110 1272 1146 principiorum
1289 1109 1484 1145 proximorum
1503 1109 1585 1145 plan-

75 1166 140 1195 tae,
161 1159 204 1188 uti
229 1160 361 1188 videmus
379 1162 408 1188 in
425 1159 527 1188 Acidis
546 1159 726 1197 vegetalibus
746 1162 792 1190 vel
817 1161 846 1190 in
867 1162 1074 1199 coniunctione
1091 1170 1156 1190 cum
1181 1160 1368 1197 Hydrogenio
1384 1161 1419 1190 ad
1438 1159 1585 1189 formanda

73 1211 155 1246 olea,
179 1211 286 1240 resinas
307 1210 377 1248 (b)
397 1218 455 1240 etc.

113 1262 161 1290 Ex
175 1262 313 1290 omnibus
339 1262 419 1291 hisce
442 1270 521 1291 nunc
542 1261 596 1290 rite
619 1263 791 1292 concludere
809 1272 987 1300 possumus,
1008 1265 1193 1300 praesentiam
1215 1263 1301 1293 Acidi
1325 1263 1481 1293 Carbonici
1499 1271 1584 1298 vege-

77 1312 182 1340 tationi
207 1320 267 1341 non
295 1318 406 1341 tantum
429 1313 530 1341 utilem
557 1322 640 1348 esse,
670 1316 719 1342 sed
743 1315 778 1343 ad
796 1315 884 1344 vitam
907 1316 1067 1351 plantarum
1093 1316 1193 1351 utique
1213 1314 1341 1350 requiri,
1365 1314 1401 1341 ita
1430 1321 1461 1342 ut
1484 1314 1583 1349 planta

75 1363 135 1392 luci
154 1363 241 1391 solari
260 1363 391 1398 exposita
407 1371 533 1392 crescere
547 1371 690 1399 nequeat,
711 1365 769 1393 nisi
787 1372 861 1394 certa
877 1366 964 1395 Acidi
987 1365 1143 1394 Carbonici
1167 1365 1314 1401 quantitas
1336 1364 1409 1393 adsit
1430 1372 1514 1399 quam
1533 1364 1582 1392 de·

75 1421 248 1449 componere
264 1413 350 1443 valet.
392 1413 518 1446 Maxime
534 1414 623 1451 igitur
645 1416 763 1451 prodest
783 1423 911 1453 tempore
930 1417 1055 1450 diurno,
1078 1416 1192 1451 quando
1211 1416 1284 1443 solis
1302 1414 1421 1442 efficacia
1442 1413 1532 1448 folia,
1552 1414 1582 1442 in

73 1472 169 1494 actum
188 1465 291 1500 ducta,
313 1463 424 1499 pabulo
448 1465 537 1493 veluti
559 1465 688 1502 indigent
711 1467 742 1495 in
766 1475 826 1504 quo
848 1467 1024 1498 elaborando
1044 1467 1118 1497 vires
1138 1474 1205 1496 suas
1224 1465 1440 1495 assimilatrices
1464 1463 1582 1501 possint

68 1524 208 1547 exercere.

99 1598 153 1626 (a)
170 1598 279 1626 Chapul,
293 1599 392 1619 AmmIts
408 1598 433 1619 dt
448 1598 551 1627 Cln'nu't,
571 1598 638 1622 Tom.
653 1605 689 1628 74·
711 1606 735 1628 p.
750 1604 801 1627 33⁴,

96 1638 152 1667 (b)
171 1640 294 1670 Fourcroy,
316 1640 358 1663 loe.
375 1639 417 1665 cit.
438 1646 462 1669 p.
479 1645 528 1669 115.
546 1645 570 1662 et
583 1646 621 1668 sq·

878 2029 908 2061 D
1442 2029 1586 2061 SECTIO
