1946 2517
418 185 730 216 COMMENTATIO
750 193 785 215 m
805 185 1110 224 QUAESTIONEM
1133 188 1341 220 MEDICAM.
1593 199 1630 227 45

122 277 187 299 vare
201 268 304 305 licuit,
326 268 368 298 sic
384 274 537 305 utcorpus
559 269 658 298 exinde
676 268 871 304 graviditatem
897 269 930 296 ad
953 270 1103 299 terminum
1130 272 1296 300 mentiretur
1317 270 1396 310 (a).
1440 271 1525 301 Ratio
1543 280 1625 301 enor-

121 321 176 349 mis
196 320 282 357 hujus
299 320 454 348 voluminis
471 320 500 348 in
515 328 548 348 eo
563 320 721 355 quaerenda
737 319 872 355 videtur,
904 321 982 354 quod
1007 322 1044 349 ob
1064 331 1197 351 vasorum
1224 324 1409 359 quantitatem
1423 345 1431 359 ,
1461 323 1628 359 amplitudi-

119 381 203 408 nem,
225 381 253 401 et
273 374 461 402 ductilitatem
478 372 563 401 facile
584 373 718 402 morbosa
742 371 890 407 sanguinis
912 373 1105 401 accumulatio
1130 374 1227 403 locum
1252 375 1355 409 habet,
1378 376 1452 403 unde
1473 375 1625 410 dilatatio,

118 425 304 459 obstructio,
326 424 469 453 induratio
485 431 543 452 eet.
566 423 643 460 (b).
686 423 813 458 Hallcr‚
834 424 1049 460 Bluveenbach,
1069 425 1199 461 Ρονηιί,
1229 425 1428 461 Αιιῑεηνίεῑή,
1457 427 1564 462 aliique
1581 427 1625 455 di-

119 483 208 510 cunt,
238 476 358 510 lienem,
387 477 550 504 ventriculo
574 483 688 509 vacu0‚
709 482 808 510 magna
829 475 913 510 copia
933 475 1082 511 sanguinis
1102 482 1236 513 turgere,
1261 478 1425 506 ventriculo
1445 486 1513 505 vero
1534 478 1624 514 reple-

115 532 164 562 to,
185 527 351 563 sanguinem
373 534 430 561 quo
448 526 579 562 turgebat
600 535 615 554 a
634 525 785 554 ventriculi
803 525 951 560 pressione
967 535 1067 555 rursus
1087 536 1136 563 per
1152 537 1238 557 venas
1256 529 1285 558 i11
1309 536 1432 565 systema
1452 537 1540 558 venae
1555 537 1623 565 por-

114 585 205 607 tarum
223 578 325 607 deduci
340 578 426 614 (c);
447 578 493 606 cui
515 577 646 612 opinioni
663 577 767 606 Bichat
782 576 874 605 favere
888 585 948 605 non
965 577 1075 606 videtur
1092 579 1157 616 (d)
1168 599 1177 614 ‚
1200 586 1227 607 et
1241 580 1458 615 explicationem
1475 589 1532 608 eam
1552 588 1625 608 mere

115 630 306 658 mechanicam
333 629 442 657 nullius
465 629 549 664 pretii
566 628 657 663 facit,
679 636 742 657 nam
769 635 801 656 ut
826 628 883 656 lien
909 629 1113 664 comprimatur
1134 638 1148 658 a
1169 637 1248 666 parte
1267 631 1436 665 ventriculi,
1457 631 1503 659 vis
1534 631 1622 666 hujus

114 680 205 717 major
222 687 286 707 esse
300 679 431 716 deberet,
455 688 537 715 quam
557 680 670 715 quidem
690 680 787 707 locum
806 679 909 709 habet:
933 680 982 708 sed
1000 687 1141 716 praeterea
1165 682 1318 717 comprimi
1340 690 1354 710 a
1377 681 1539 710 ventriculo
1561 690 1623 710 non

114 737 233 767 potest3
258 739 317 767 quo
335 732 425 767 magis
442 731 514 760 enim
533 731 607 759 cibis
624 731 758 766 impletur
774 729 972 766 ventriculus,
994 738 1028 758 eo
1049 731 1138 766 magis
1164 733 1288 760 anterior
1306 732 1358 767 fit,
1380 739 1408 760 et
1423 741 1437 761 a
1454 732 1526 761 litne
1542 741 1622 760 rece-

111 780 166 812 dit.
206 781 310 810 Verum
327 783 401 818 hoc;
425 783 480 810 sub
497 784 581 811 certis
596 788 689 811 tamen
706 782 922 810 conditionibus
938 782 991 810 alia
1007 790 1051 810 res
1068 790 1129 811 esse
1156 782 1281 812 videtur.
1324 783 1436 812 Notum
1460 784 1533 812 enim
1556 789 1621 819 est,

112 831 215 861 Gallos
239 833 476 861 consuetudinem
494 834 616 869 hahere,
637 833 815 862 ventriculos
835 834 1019 869 quarumdam
1040 835 1134 863 avium
1153 843 1197 863 ex.
1222 844 1263 871 gr.
1285 843 1417 864 anserum
1437 836 1491 864 sub
1513 842 1622 871 tempe.

111 891 206 912 ratura
219 884 308 912 calida
325 885 466 913 continuo
484 885 558 913 cibis
573 885 661 914 siccis
679 884 814 920 opplendi
826 905 836 919 ‚
861 891 892 912 ut
910 885 951 912 sic
971 885 1105 921 impletus
1122 887 1290 914 stomachus
1314 887 1413 915 lienem
1430 888 1619 923 comprimat,

111 942 237 970 eumque
257 936 426 971 pedetentim
447 936 591 970 destruat,
613 942 640 963 et
661 936 777 971 sanguis
803 935 842 963 ita
870 935 970 971 majori
994 936 1077 971 copia
1103 936 1136 964 ad
1159 937 1245 971 hepar
1266 938 1486 973 determinetur,
1508 947 1570 967 eum
1586 938 1616 966 in

110 985 194 1014 finem
205 1007 221 1025 ,Ι
237 993 269 1014 ut
283 987 355 1015 illud
375 987 473 1016 viscus
490 988 580 1024 maJus
605 987 736 1022 acquirat
757 986 893 1014 volumen
908 991 936 1014 et
958 986 1161 1022 ligurientibus
1179 987 1314 1016 inserviat
1335 988 1418 1026 (ωε
1443 984 1615 1025 quamquam

110 1044 203 1065 autem
233 1038 280 1065 illa
307 1039 460 1067 methodus
484 1047 544 1068 non
575 1040 669 1068 solum
695 1038 797 1066 nititur
824 1038 1019 1066 destructione
1049 1038 1153 1073 lienis,
1185 1039 1348 1075 praesertim
1373 1048 1441 1069 vero
1459 1041 1552 1076 adipis
1569 1049 1615 1069 se·

109 1089 236 1118 cretione
255 1090 373 1118 adaucta
393 1091 476 1128 (s),
498 1091 552 1119 hoc
578 1092 608 1119 in
633 1098 701 1118 casn
724 1095 816 1117 tamen
838 1088 1037 1124 ventriculus,
1065 1089 1114 1117 tali
1135 1089 1222 1118 modo
1247 1098 1357 1126 semper
1381 1092 1536 1127 oppletus,
1557 1100 1614 1120 suo

107 1141 233 1176 pondere
252 1142 282 1169 in
303 1141 401 1170 lienem
424 1151 505 1179 agere
525 1143 624 1171 debere
643 1143 767 1170 videtur.

146 1192 174 1227 S.
195 1200 225 1229 4.
269 1194 346 1229 Vaga
370 1199 463 1221 tamen
485 1194 638 1230 hypothesi
665 1193 732 1222 haec
754 1192 907 1221 ventriculi
929 1193 1005 1222 actio
1034 1193 1064 1222 in
1091 1193 1191 1222 lienem
1221 1200 1418 1230 superstructa
1439 1194 1570 1230 videtur,
1589 1201 1618 1224 et

109 1242 176 1271 loco
202 1242 381 1272 mechanicae
407 1244 486 1272 illius
513 1245 739 1280 explicationis,
768 1244 858 1280 magis
888 1252 1004 1272 naturae
1030 1245 1142 1280 legibus
1167 1252 1391 1274 consentaneum
1418 1246 1503 1275 nobis
1535 1247 1613 1275 vide·

110 1299 159 1321 tur
172 1301 337 1329 sequentem
358 1295 506 1324 admittere
517 1296 624 1331 thesin,
644 1296 727 1325 lienis
746 1296 902 1324 voluminis
919 1296 1146 1325 imminutionem
1163 1304 1190 1325 et
1210 1304 1390 1332 augmentum
1409 1298 1609 1332 explicantem.

147 1364 167 1380 „
187 1345 266 1374 Dum
286 1346 456 1381 digestionis
475 1353 603 1381 tempore
620 1348 742 1375 secretio
757 1347 823 1374 bilis
839 1354 977 1383 augetur,
999 1348 1037 1375 ob
1055 1355 1280 1376 momentaneam
1298 1349 1447 1385 sanguinis
1471 1349 1614 1384 depletio·

107 1415 127 1431 „
146 1403 208 1424 nem
221 1417 232 1432 ,
251 1396 333 1424 lienis
354 1397 489 1425 volumen
505 1397 686 1426 imminuitur
701 1405 728 1426 et
746 1400 854 1428 ratione
871 1401 1002 1434 inversa,
1024 1399 1177 1436 augetur.''

143 1446 286 1475 Alimenta
311 1447 407 1483 enim,
435 1449 466 1477 in
484 1450 599 1485 organis
621 1450 789 1486 digestionis
813 1457 968 1485 contenta,
990 1459 1044 1478 suo
1071 1451 1192 1479 stimulo
1219 1451 1305 1486 hepar
1335 1453 1476 1488 excitant3
1499 1462 1532 1482 ex
1556 1454 1607 1482 hae

104 1498 275 1526 excitatione
298 1499 430 1534 sequitur
455 1500 544 1536 major
571 1501 681 1536 hepatis
709 1503 805 1536 actio,
843 1503 961 1530 celerior
993 1503 1058 1529 bilis
1093 1502 1248 1530 elaboratio
1274 1510 1301 1531 et
1330 1505 1420 1540 major
1450 1505 1531 1534 etiam
1563 1515 1608 1535 se·

105 1550 205 1578 cretio.
260 1551 304 1579 Ex
328 1550 424 1579 citiori
461 1551 508 1579 illa
540 1551 732 1580 elaboratione
757 1552 888 1587 sequitur
909 1553 1034 1580 validum
1068 1554 1217 1589 sanguinis
1246 1553 1273 1581 in
1298 1554 1398 1590 hepate
1425 1555 1608 1591 dispendium

102 1605 130 1628 et
163 1608 230 1637 ergo
266 1600 352 1630 etiam
386 1603 476 1638 major
507 1602 657 1638 sanguinis
687 1604 811 1639 depletio
843 1606 871 1633 in
908 1607 1021 1642 organis
1060 1615 1132 1642 quae
1162 1607 1327 1643 sanguinem
1362 1617 1414 1644 pro
1446 1609 1609 1639 bilificario·

101 1660 137 1680 ne
159 1660 326 1688 praeparant
353 1662 379 1682 et
407 1655 440 1683 ad
467 1655 553 1690 hepar
576 1655 741 1689 adducunt3
772 1655 858 1684 facile
886 1666 963 1686 nunc
988 1658 1147 1692 explicatur
1173 1659 1341 1689 imminutio
1369 1661 1528 1690 voluminis
1556 1662 1608 1690 lie-

100 1704 170 1739 nis,
211 1705 326 1740 vigente
360 1706 532 1742 digestione.
588 1706 613 1734 E
647 1713 746 1734 contra
777 1708 800 1736 si
836 1709 1014 1738 ventriculus
1050 1717 1159 1737 vacuus
1203 1718 1244 1738 est
1263 1731 1274 1745 ‚
1318 1712 1413 1740 minor
1452 1714 1609 1748 requiritur

1566 1765 1609 1793 bi·

127 1820 176 1846 (ι)
194 1819 232 1842 (f.
252 1820 355 1848 llempel,
372 1822 467 1845 Grondb.
481 1823 520 1843 dar
536 1823 597 1846 Oml.
619 1823 647 1845 D.
661 1829 682 1846 2.
703 1831 726 1851 p.
745 1826 795 1850 396·
812 1823 834 1846 in
850 1830 911 1847 uota-

126 1860 173 1885 (ᾖ)
192 1859 229 1882 (f.
245 1861 339 1888 Portas,
359 1863 429 1886 Anat,
446 1864 574 1892 Iilcdt'ralc,
597 1865 624 1887 T.
641 1870 661 1890 5.
683 1872 704 1892 p.
720 1866 769 1891 338.

124 1902 173 1930 (ts
193 1901 232 1923 Cl.
251 1903 416 1932 lilnmealmclt,
439 1906 503 1929 Libr,
521 1906 566 1928 (dt.
587 1908 669 1934 §.sym
699 1907 736 1930 cs,
758 1906 912 1935 Autcmr'uh,
933 1907 998 1934 Phyx.
1019 1909 1061 1931 Th,
1074 1914 1097 1931 2.
1117 1915 1140 1936 p.
1156 1909 1192 1936 7⁶·
1211 1909 1230 1934 ς.
1244 1910 1293 1935 632,
1323 1910 1359 1932 ef.
1377 1910 1471 1938 Portu,
1491 1909 1541 1935 Lib,
1560 1910 1610 1937 (Ἡ,

93 1942 122 1965 T·
138 1948 158 1969 5·
183 1950 206 1970 Ρ·
222 1949 270 1969 31⁴·

119 1983 173 2012 (d)
195 1983 233 2005 cr.
253 1985 349 2012 Βίιίιαι,
370 1987 441 2010 Anae,
464 1988 578 2014 Descrtpe,
595 1989 624 2011 Τ,
639 1995 662 2016 5.
685 1996 706 2016 p.
723 1995 759 2016 57.

122 2029 150 2048 (e
193 2024 226 2046 Cs
251 2025 344 2052 fratrs,
360 2027 423 2053 1²:151.
439 2029 507 2054 posit.
523 2030 550 2051 Τ.
566 2036 588 2052 2.
607 2038 620 2057 ρ
644 2036 694 2057 149.
729 2031 765 2052 (Τ.
788 2030 881 2056 Portas.
902 2030 974 2052 Amn-
991 2029 1052 2052 ΜΠ·
1079 2028 1105 2052 T·
1122 2036 1142 2057 5·
1166 2037 1189 2057 Ρ·
1204 2035 1255 2057 ³41·

121 2064 167 2091 (fl
191 2066 228 2089 Cf.
242 2065 350 2095 eneam,
366 2069 489 2096 chmyrt.
506 2071 529 2093 in
550 2069 598 2098 ejus
613 2071 716 2094 Krankh.
731 2071 847 2094 Verlulm.
862 2079 882 2098 p.
897 2072 946 2094 238.
