1946 2517
672 157 1086 192 OR'A'TIO.
1576 176 1611 198 ιι

141 251 324 290 traherent,
356 257 388 284 et
415 251 622 295 peritioribus
639 257 745 283 essent
778 251 929 284 ludibrio.
981 253 1154 285 Enimvero
1186 255 1295 287 omnia
1325 255 1378 288 hic
1406 257 1540 290 redeunt
1567 261 1607 293 ad

145 310 246 342 solam
280 308 534 340 observationem
551 333 560 346 ,
585 307 664 351 quid
690 307 831 349 factum,
862 308 940 350 quid
966 316 1091 351 gestum
1121 311 1181 349 sit,
1211 311 1268 343 ubi
1305 319 1337 344 et
1363 314 1493 356 quando
1530 317 1609 358 quid

140 365 306 404 acciderit,
335 365 467 408 quinam
501 364 586 407 apud
612 374 774 407 quamque
803 370 930 406 gentem
956 376 1084 408 quaque
1112 373 1211 398 aetate
1245 379 1350 399 mores
1378 368 1518 409 fuerint,
1552 374 1611 414 qui

138 424 224 455 -ritus
252 422 358 453 locum
383 421 598 459 obtinuerint,
623 431 706 463 quae
723 421 769 451 rei
791 420 1001 460 domesticae,
1023 422 1075 453 vel
1099 433 1223 462 sacrae,
1255 424 1306 455 vel
1327 425 1453 463 civilis,
1478 427 1528 458 vel
1553 430 1613 459 mi.

142 479 242 511 litaris
259 478 402 510 conditio
420 476 531 515 fuerit,
553 476 631 518 quid
647 476 787 518 denique
805 476 845 508 de
863 477 949 508 hisce
968 478 1140 518 omnibus,
1164 480 1230 511 sive
1245 480 1279 511 in
1295 480 1384 512 libris
1399 481 1463 514 fide
1484 484 1609 526 dignis,

137 537 208 567 sive
226 536 259 566 in
275 533 433 577 germanis
449 533 673 565 monimentis,
698 544 767 564 aere
778 557 786 572 ,
808 533 928 576 lapide,
944 533 1033 571 aliis,
1050 536 1221 567 memoriae
1240 536 1401 578 proditum
1417 539 1607 572 inveniatur.

186 591 290 633 Hujus
307 590 405 632 igitur
423 588 520 627 studii
538 590 662 631 insigne
677 590 897 630 adjumentum
915 596 961 620 est
985 591 1019 621 in
1033 591 1191 633 ejusmodi
1211 594 1327 623 Museis
1348 594 1610 638 arclzaeologicc's,

142 648 238 692 quale
253 645 415 690 possidere
431 646 532 677 nostis
548 648 585 678 A.
603 647 642 678 A.
661 653 801 677 nostram
819 645 1032 679 Academiam.
1064 647 1159 687 Quod
1176 648 1305 690 quidem
1321 660 1338 679 a
1361 661 1537 683 PAPENBR
1549 664 1610 684 OE-

141 715 214 737 xio
235 703 421 739 conditum,
444 704 546 735 (nam
565 704 726 745 quaejam
750 709 822 733 ante
846 703 977 735 aderaut
1001 705 1095 746 prisci
1118 706 1186 736 aevi
1216 707 1430 746 monimenta,
1453 719 1490 739 ea
1515 720 1614 752 pauca

139 766 230 792 erant
255 769 392 790 numero
415 769 474 789 nec
502 759 611 800 magni
640 760 844 798 momenti);
876 759 951 790 dein
984 770 1261 793 nocnerienlt
1287 761 1488 806 aliorumque
1513 765 1612 796 dona-

142 815 301 854 tionibus,
334 815 492 857 imprimis
516 814 577 845 sub
609 817 775 847 novissimi
806 816 906 847 finem
932 817 1030 848 seculi
1055 828 1132 849 cura
1156 829 1391 851 LAURENTII
1417 830 1610 855 sswrmur

142 872 290 916 pretiosis
309 877 439 902 auctum
466 872 629 909 nummis,
653 879 824 915 postquam
844 880 917 904 ante
934 874 1108 905 triennium
1127 874 1294 917 insiguiter
1314 878 1465 908 exornari
1484 878 1608 921 incepe-

141 935 212 968 rat,
230 927 389 959 translatis
405 927 470 959 huc
488 939 528 959 ex
545 930 657 959 Museo
674 930 773 971 Regio
795 928 978 972 sulphureis
1004 940 1215 961 nummorum
1235 934 1357 974 ectypis
1378 943 1482 965 MION
1494 945 1589 968 ΝΕΤι
1602 959 1610 975 ,

139 993 171 1019 et
194 986 348 1017 arcessitis
374 985 524 1017 Londino
553 992 584 1017 et
611 987 735 1017 Parisiis
766 986 893 1029 gypseis
923 996 1139 1025 marmorum,
1164 997 1245 1030 quae
1275 988 1315 1019 ad
1342 989 1403 1020 hoc
1429 1001 1532 1033 usque
1563 1002 1610 1023 se.

137 1043 249 1075 culum
273 1045 329 1074 vix
353 1042 437 1073 ultra
462 1053 580 1073 nomen
601 1049 693 1074 erant
715 1047 863 1086 cognita,
887 1045 1024 1088 ectypis‚
1047 1044 1109 1077 hoc
1134 1046 1204 1088 ipso
1229 1057 1316 1078 anno
1334 1046 1465 1079 demum
1484 1049 1526 1080 ita
1547 1061 1607 1092 po·

139 1100 202 1131 tuit
225 1100 379 1130 constitui
404 1104 436 1129 et
454 1097 582 1140 disponi
607 1109 624 1128 a
650 1106 760 1130 nostro
783 1107 1035 1140 'nnuvmtfflm
1060 1108 1096 1132 ut
1122 1112 1197 1132 cum
1225 1102 1294 1133 aliis
1325 1104 1492 1136 nonnullis
1521 1105 1606 1148 apud

139 1155 216 1186 alias
250 1161 359 1196 gentes
386 1153 426 1184 de
453 1153 556 1196 palma
595 1154 787 1186 contendere
817 1157 927 1199 possit.
976 1158 1076 1198 Cujus
1103 1157 1234 1200 quidem
1267 1159 1314 1193 Cl.
1340 1160 1485 1203 Collegae
1513 1171 1544 1193 et
1574 1165 1609 1194 iu

137 1211 290 1244 donando
320 1210 561 1249 liberalitatem,
597 1217 628 1241 et
658 1211 692 1241 in
723 1213 881 1253 sapienter
912 1212 1114 1255 disponendo
1145 1213 1312 1256 ingenium
1346 1221 1378 1246 et
1411 1216 1609 1259 diligentiam

136 1269 243 1312 justo,
265 1267 299 1298 id
320 1273 371 1298 est
397 1277 542 1306 summm
564 1270 713 1298 encomio
740 1267 794 1299 hic
816 1269 959 1301 ornanda
982 1269 1149 1308 ducerem,
1172 1272 1234 1302 nisi
1256 1273 1437 1305 verecundo
1460 1276 1530 1316 ejus
1550 1287 1608 1318 pu.

137 1326 209 1358 dori
239 1331 319 1357 esset
349 1324 557 1367 parcendum.
603 1324 641 1355 ln
675 1331 796 1367 septem
828 1337 905 1358 vero
932 1333 1035 1368 partes
1060 1337 1157 1358 omne
1189 1329 1338 1359 Museum
1363 1329 1546 1373 descripsit,
1571 1340 1608 1364 ut

137 1382 226 1414 Artis
253 1391 348 1424 opera
372 1392 391 1412 a
421 1383 517 1412 meris
543 1381 808 1423 inscriptionibus
834 1384 898 1415 sint
925 1383 1091 1422 distincta,
1114 1390 1147 1416 et
1178 1391 1312 1429 utraque
1338 1397 1356 1417 a
1380 1389 1543 1428 nummis;
1564 1396 1611 1421 at-

137 1448 202 1481 que
234 1439 317 1469 inter
348 1439 433 1470 Artis
465 1449 562 1482 opera
593 1440 771 1487 Orientalia‘
801 1453 819 1473 a
849 1444 976 1474 Graecis
999 1449 1031 1475 et
1064 1443 1238 1480 Romanis,
1273 1450 1342 1474 tum
1378 1446 1497 1476 Graeca
1527 1452 1610 1476 aeta·

142 1495 184 1526 tis
216 1495 456 1537 antiquissimae
487 1496 619 1526 seorsim
647 1507 664 1526 a
695 1498 804 1528 minus
833 1499 975 1541 antiquis
1005 1500 1070 1531 sint
1093 1499 1272 1542 disposita,
1303 1499 1497 1543 tandemque
1533 1512 1608 1544 pro-

142 1552 250 1595 prium
287 1551 394 1583 locum
436 1558 593 1594 occupent
632 1554 828 1584 monimenta
865 1555 1067 1597 sepulcralia,
1099 1566 1173 1586 cum
1217 1558 1352 1595 Graeca,
1383 1563 1453 1588 tum
1495 1560 1610 1589 Roma-

139 1618 192 1640 na.
236 1607 284 1638 Ad
312 1608 419 1638 omnia
450 1614 555 1638 autem
586 1607 661 1640 haee
688 1620 755 1640 uon
785 1610 953 1642 mediocris
976 1613 1111 1643 accessio
1137 1612 1216 1643 facta
1249 1620 1296 1644 est
1323 1614 1386 1645 hoc
1413 1614 1483 1656 ipso
1510 1626 1607 1648 anuo.

140 1665 221 1696 Nam
254 1671 356 1695 emtae
389 1671 465 1695 sunt
502 1664 699 1707 anaglyphae
731 1667 952 1708 inscriptiones
985 1667 1108 1711 aliaque
1145 1670 1367 1709 monimenta,
1407 1673 1528 1702 Tmzeto
1574 1673 1608 1703 in

141 1720 250 1752 Africa
287 1721 326 1751 ab
366 1731 609 1759 numnmz‘ro,
644 1728 675 1752 et
710 1733 749 1752 ex
792 1724 896 1754 Attica
930 1734 947 1754 a
981 1735 1221 1756 norrinnsio
1253 1725 1371 1764 allata3
1413 1738 1512 1758 urnae
1543 1727 1612 1758 bur-

139 1775 262 1807 baricae
287 1778 322 1807 in
349 1778 560 1818 Grouingano
595 1787 672 1819 agro
698 1786 839 1821 repertae
872 1780 968 1822 Regis
993 1781 1365 1824 adininistrorum'jussu
1391 1783 1453 1814 huc
1484 1785 1609 1816 transla-

142 1839 191 1864 tae
217 1839 314 1870 suut,
343 1839 374 1864 et
403 1834 530 1863 eximiis
559 1835 654 1864 etiam
684 1833 800 1872 donis,
833 1838 900 1867 sive
928 1848 1142 1869 neovnrssu
1162 1838 1280 1876 nostri,
1304 1839 1369 1869 sive
1399 1849 1607 1872 wmrussit

142 1888 257 1931 Angli,
280 1890 346 1920 sive
367 1891 531 1921 Matronae
556 1890 791 1930 nobilissimae,
814 1903 896 1934 quae
924 1903 1042 1923 nomen
1070 1904 1165 1924 suum
1194 1894 1287 1925 celari
1316 1895 1437 1932 voluit,
1460 1896 1526 1926 sive
1556 1896 1608 1926 de·

143 1947 242 1988 nique
272 1948 352 1983 tuis,
385 1946 434 1978 Cl.
457 1957 686 1986 Anurzzui,
715 1948 878 1990 quondam
910 1955 1019 1979 noster
1047 1949 1081 1981 in
1114 1950 1336 1982 amoenissima
1368 1952 1503 1983 statione
1530 1954 1605 1982 Ilar-

961 2007 983 2035 B
1006 2015 1025 2036 a
1544 2007 1615 2038 der·
