1946 2517
299 185 337 215 24
523 169 1523 210 .G.H.c*osTJORDENs

307 257 334 287 si
358 257 430 294 quid
451 257 529 286 aliud
555 259 685 294 pertinet
701 263 776 286 certe
803 256 985 294 Quadratum
1009 256 1119 285 eirc'uli.
1169 254 1287 284 Nostris
1321 261 1413 285 tamen
1442 255 1622 292 temporibus
1657 254 1803 285 nonam-

304 308 384 345 plius
409 316 524 345 regnare
548 309 677 338 videmus
703 309 843 337 ardentem
872 306 1035 343 cupidinem
1065 307 1120 335 hoc
1149 305 1298 335 Problema
1325 306 1480 342 solvendi,
1502 306 1551 342 qui
1577 307 1645 335 olim
1671 307 1700 335 in
1715 305 1810 335 Grae-

306 358 351 387 cia
373 365 400 386 et
421 358 523 387 deinde
545 359 626 388 etiam
655 358 684 386 in
708 358 772 386 aliis
797 357 963 393 regionibus
995 356 1133 386 obtinuit.
1182 357 1272 386 Multi
1297 357 1409 387 scilicet
1437 357 1466 385 in
1489 357 1609 386 Graecia
1632 356 1805 394 Philosophi

305 409 373 438 huic
395 410 433 438 rei
455 416 568 445 operam
593 409 748 444 dederunt,
768 407 962 438 existimantes
989 408 1045 436 hoc
1069 409 1256 445 geometrice,
1278 409 1322 437 uti
1354 408 1503 444 dicebant,
1524 408 1554 437 id
1572 415 1616 437 est
1637 416 1692 444 ope
1719 412 1821 444 regu-'

306 461 348 488 lae
367 465 395 488 et
418 459 541 495 circini,
568 468 657 496 posse
672 459 786 488 absolvi
803 459 868 496 <-1)
883 459 1067 488 Archimedes
1087 467 1178 489 autem
1191 481 1202 495 ,
1228 459 1299 489 'curn
1323 459 1423 488 deinde
1451 458 1567 487 vidisset
1588 467 1647 487 non
1669 459 1740 487 adeo
1760 457 1803 486 fa-

302 511 359 539 cile
381 510 436 539 hoc
460 510 555 547 peragi
586 518 692 546 posse,
721 509 864 545 quaesivit
889 509 1025 539 rationem
1056 511 1182 540 diametri
1206 518 1233 540 et
1256 509 1503 540 circumferentiae
1532 509 1655 544 circuli,
1681 515 1710 537 et
1743 508 1805 545 pri-

309 569 372 589 mus
399 569 456 597 ope
480 561 686 598 polygoni.96
715 561 831 589 laterum
866 560 977 590 circulo
1001 562 1131 591 circum·
1161 569 1187 591 et
1217 561 1352 598 inscripti
1374 561 1532 598 probavit,
1561 560 1639 589 hanc'
1660 560 1804 589 'rationem

303 611 441 640 mInorem
466 619 528 640 esse
554 619 640 647 quam
665 619 675 640 1
700 620 709 640 τ
734 614 805 651 3ξὲ,
833 612 966 648 majorem
996 620 1062 641 vero
1092 621 1176 649 quam
1213 621 1223 642 1
1248 621 1256 640 :
1281 614 1343 652 3:33·
1388 612 1459 641 Post
1486 617 1594 640 renatas
1617 618 1685 639 vero
1710 611 1804 639 literas

304 662 353 691 alii
376 662 495 691 ulterius
520 662 665 698 progressi
684 668 771 696 sunt,
801 662 840 690 ita
864 669 896 690 ut
920 664 991 692 hanc
1016 664 1154 693 rationem
1190 663 1283 691 multo
1311 663 1470 691 accuratius
1497 661 1684 691 definiverint.
1723 661 1805 690 Prae·

305 712 386 747 cipui
411 713 463 740 hac
489 711 517 740 in
543 721 571 740 re
594 712 710 740 fuerunt
736 713 868 748 Metius,
904 713 1067 752 Ludolphus
1090 724 1109 742 a
1134 714 1256 748 leen,
1279 713 1421 747 Sndlae‘us,
1443 712 1612 749 Hugeuius,
1635 712 1802 749 Wallist'us,

307 763 481 798 Nemeum,
501 763 685 792 Leibm‘zzius
700 769 728 791 et
746 764 810 792 cel.
833 764 955 802 Dagny,
977 765 1027 801 qui
1044 765 1072 794 in
1088 765 1178 794 Mcm.
1203 764 1237 793 de
1255 763 1434 793 l'Acaslemie
1450 762 1496 791 des
1515 763 1642 791 Scienccs
1661 765 1699 792 A.
1720 770 1805 800 1719.

306 821 374 849 pag.
402 822 468 851 144.
505 814 683 843 notissimam
711 814 847 843 rationem
875 815 972 850 dedit,
1003 815 1034 844 in
1062 824 1140 851 qua,
1169 816 1269 852 posito
1291 815 1428 844 diametro
1447 823 1485 842 =
1507 823 1542 848 1,
1570 813 1800 843 circumferentia

302 863 404 891 circuli
431 864 555 899 aequalis
582 870 627 893 est
649 873 684 901 3,
713 865 903 901 sequentibus
926 874 976 901 ¹2?
1005 866 1215 901 decimalibus,
1239 874 1311 902 quae
1341 865 1412 894 ratio
1439 870 1494 893 tam
1519 871 1619 900 parum
1646 873 1661 892 a
1687 864 1805 894 veritate

309 913 424 948 deviat,
446 921 477 942 ut
500 922 577 942 error
598 914 651 943 iste
679 922 771 944 mente
794 915 921 946 ,humana
948 916 1068 952 cogitari
1093 916 1141 945 vix
1165 916 1259 952 possit
1285 917 1359 952 (α).

344 964 465 993 Ultimis
491 971 585 994 tamen
606 965 700 994 tribus
721 972 771 994 aut
795 973 923 1002 quatuor
943 967 1070 1002 seculis,
1086 967 1241 1003 'plurimos
1266 967 1355 995 fuisse
1383 966 1479 1000 viros,
1501 965 1562 994 sive
1586 966 1685 993 harum
1711 973 1803 994 rerum

306 1022 431 1050 gnaros,
452 1015 512 1043 sive
535 1023 615 1051 non,
655 1017 704 1051 qui
732 1017 851 1045 celebris
885 1017 972 1054 hujus
1005 1017 1194 1049 Problematis
1224 1017 1386 1046 solutiones
1423 1016 1554 1051 quamvis
1585 1016 1699 1044 minime
1726 1024 1806 1045 veras

312 1065 459 1100 dederint,
488 1066 608 1094 historia
627 1065 713 1102 hujus
739 1067 878 1103 temporis
900 1075 955 1095 nos
978 1068 1072 1096 docet.
1118 1068 1195 1096 Cum
1215 1068 1287 1095 enim
1312 1067 1511 1095 celeberrimos
1536 1066 1630 1093 omnis
1655 1066 1715 1094 aevi
1741 1074 1808 1102 geo-

308 1121 412 1144 metras
438 1115 493 1143 hoc
521 1115 628 1144 frustra
653 1122 777 1147 tentasse
807 1116 967 1153 vidissent,
998 1118 1143 1154 gloriam,
1172 1125 1256 1154 quam
1284 1117 1340 1145 alio
1371 1117 1457 1146 modo
1489 1115 1566 1145 forte
1595 1124 1654 1144 non
1679 1116 1807 1152 ‘possent

311 1165 454 1202 adipisci,
475 1166 531 1195 sib'i
548 1166 613 1196 inde
628 1159 818 1205 quaerebant5
841 1173 869 1196 at
886 1176 953 1196 vero
976 1176 1059 1204 quam
1081 1170 1210 1205 ineptae,
1234 1169 1292 1197 imo
1314 1168 1393 1197 omni
1408 1175 1442 1196 ex
1465 1174 1544 1203 parte
1564 1167 1721 1202 ridiculae,
1747 1175 1808 1195 sae·

310 1223 346 1252 pe
370 1216 422 1244 hae
447 1216 641 1253 Quadraturae
665 1219 793 1253 fuerint,
814 1225 929 1254 apparet
956 1227 988 1248 ex
1010 1220 1130 1256 eleganti
1156 1220 1334 1255 narratione,
1357 1227 1440 1254 quam
1467 1218 1554 1255 hujus
1581 1217 1619 1245 rei
1645 1217 1722 1246 dedit
1741 1216 1807 1247 Cel.

310 1265 464 1295 Montucla
489 1267 518 1295 in
543 1269 656 1304 egregio
682 1269 845 1304 opusculo,
865 1269 914 1298 cui
936 1269 1041 1298 titulus
1064 1270 1193 1299 Histoire·
1218 1269 1265 1299 des
1288 1269 1466 1298 Recherches
1486 1278 1538 1298 sur
1561 1269 1592 1298 la
1612 1268 1810 1306 ,Quadralure

303 1315 341 1345 du
365 1316 462 1345 Cerclc
486 1323 512 1344 et
531 1317 560 1347 in
585 1318 833 1355 Supplemento'T
832 1321 887 1347 omi
910 1319 964 1348 lv·.
991 1319 1092 1358 Operis
1118 1319 1247 1349 Histoire
1272 1320 1319 1348 des
1348 1319 1595 1357 Mathematiques
1619 1320 1702 1356 (3).

330 1365 418 1399 .Cum
451 1367 540 1403 igitur
566 1376 615 1404 per
639 1375 683 1399 tot
713 1370 807 1398 secula
837 1369 1109 1399 Mathematicorum
1139 1376 1263 1399 conatus
1286 1371 1322 1398 ad
1345 1370 1538 1406 quadrandum
1567 1370 1706 1398 circulum
1733 1369 1807 1398 irriti

305 1416 452 1452 fuissent,
480 1418 564 1446 multi
592 1425 691 1455 postea
717 1420 907 1456 exstiterunt,
936 1427 1071 1456 putantes
1097 1421 1169 1450 hanc
1198 1421 1412 1458 Quadraturam.
1440 1421 1574 1448 absolute
1601 1414 1827 1448 invenitin0n‘2

307 1475 415 1503 posse,
445 1467 518 1495 inter
538 1477 613 1504 quos
640 1476 668 1498 et
691 1477 812 1507 magnus
838 1470 969 1507 analysta
1005 1471 1156 1500 Wallisius
1180 1470 1273 1499 fuisse
1298 1472 1423 1500 videtur.
1465 1471 1590 1499 Fuerunt
1618 1471 1723 1506 etiarn,
1756 1468 1809 1506 qtii

305 1517 361 1557 hoc
391 1526 425 1547 ex
450 1518 591 1548 industria
624 1521 868 1556 demonstrarint,
900 1521 945 1549 uti
968 1529 998 1550 v.
1026 1530 1055 1558 g.
1086 1522 1114 1550 id
1141 1521 1209 1550 fecit
1240 1521 1396 1551 Geometra
1427 1522 1540 1559 Anglus
1577 1521 1626 1550 Cl.
1656 1516 1826 1559 Grqgorj}

305 1569 357 1603 qui
386 1568 477 1597 medio
498 1569 597 1598 seculo
623 1570 716 1600 XVIl.
745 1571 842 1600 floruit
866 1572 950 1608 (4).
999 1571 1073 1600 Sunt
1096 1578 1192 1601 tamen
1215 1578 1242 1600 et
1268 1573 1373 1607 hodie,
1402 1573 1452 1608 qui
1486 1573 1563 1608 hoc,
1592 1572 1724 1608 quamvis
1747 1578 1808 1601 non

304 1617 406 1655 facile,
427 1627 486 1648 non
512 1626 605 1649 tamen
634 1622 716 1657 plane
739 1621 920 1657 impossibile
944 1622 1081 1656 credant,
1103 1622 1254 1658 praecipue
1277 1631 1342 1650 cum
1365 1623 1423 1660 jam
1451 1624 1603 1652 multarum
1628 1623 1803 1659 figurarum,

305 1669 429 1698 arcubus
454 1670 644 1700 circularibus
670 1672 885 1707 constantium,
907 1679 967 1700 area
990 1672 1106 1701 inventa
1130 1672 1169 1701 sit
1194 1673 1276 1709 (5).
1734 1708 1763 1739 H

1765 1717 1811 1741 aec

330 1769 384 1797 (1)
407 1770 474 1792 Conf-
498 1771 589 1796 Bonae,
612 1771 677 1791 Euat
697 1777 734 1790 rur
752 1771 870 1792 Pmmm
890 1771 926 1792 du·
947 1772 1149 1799 Marhlmatt'ques,
1171 1774 1220 1796 Per,
1237 1774 1253 1796 ῐ,
1275 1774 1345 1801 einp.
1359 1779 1380 1796 ιι,

334 1811 385 1839 (2)
407 1810 478 1833 Conf.
499 1811 533 1834 cl,
551 1818 593 1831 van
608 1811 724 1838 Swindm,
746 1812 850 1839 Meuia,
871 1813 920 1834 Vll.
935 1813 999 1834 noek
1019 1812 1054 1834 m.
1068 1813 1159 1834 Afdeel.
1181 1815 1218 1836 26·
1233 1815 1324 1835 Voorse.
1346 1819 1417 1835 nnm-
1432 1819 1454 1840 4.

333 1849 386 1878 (3)
407 1851 440 1872 De
461 1851 526 1873 dictis
546 1853 692 1880 Quadi-aruris
718 1859 784 1878 agens
803 1853 826 1875 ln
848 1854 1008 1880 supplemento
1031 1852 1120 1875 laudato
1141 1855 1218 1878 jocose
1242 1855 1298 1876 haec
1311 1854 1417 1881 scrlpsitt
1438 1869 1455 1879 ,,
1470 1856 1514 1876 Ces
1542 1859 1614 1875 sortes
1641 1852 1733 1875 d'c‘crlts
1754 1857 1811 1874 nou!

304 1905 320 1915 ,.
335 1891 482 1917 pnrvlennem
500 1899 589 1914 aurion<
607 1900 634 1914 au
655 1893 777 1920 printcnn,
798 1895 828 1915 οὺ
847 1896 879 1915 les
897 1894 962 1915 acces
984 1895 1013 1915 de
1034 1895 1092 1916 folle
1114 1900 1164 1916 sont
1183 1897 1232 1922 plus
1252 1895 1370 1922 frequens,
1393 1901 1415 1917 et
1436 1895 1469 1915 Dc
1490 1896 1521 1916 La
1541 1894 1632 1922 Laudo,
1654 1893 1690 1922 qni
1711 1901 1722 1916 a
1744 1894 1811 1921 past&

307 1946 323 1956 η
341 1937 383 1952 une
402 1935 472 1955 :nnec
491 1935 502 1953 a
522 1933 596 1955 Berlin
617 1934 665 1959 dit,
686 1941 730 1957 oue
751 1936 824 1957 c'ctalt
843 1938 896 1958 dans
913 1935 1028 1957 la'meme
1043 1937 1118 1959 raison
1132 1942 1177 1963 que
1197 1935 1337 1958 l'Academie
1359 1938 1387 1958 ‹le
1408 1937 1482 1959 Berlin
1504 1943 1532 1958 cu
1545 1936 1647 1959 rccevait
1663 1937 1686 1958 lo
1701 1934 1784 1963 plut-⁹·

333 1973 388 1998 (⁴)
409 1973 478 1996 Conr.
497 1974 584 2001 Meum,
609 1976 674 1997 Tom.
689 1977 714 1997 lt.
740 1982 788 2003 pag.
803 1979 830 2003 87
845 1982 867 1998 ct
880 1983 914 2003 sq.

333 2012 384 2040 (5)
404 2014 454 2039 vid,
475 2015 509 2038 Cl.
529 2021 571 2035 vat:
592 2016 709 2043 slu‘irden,
729 2017 828 2045 ahak„
852 2017 986 2042 VlLBoelt·
1005 2019 1035 2041 11.
1047 2019 1100 2042 Asd-
1123 2019 1264 2046 ι5.νοοηι.
1286 2025 1306 2042 2.
1320 2025 1391 2042 annm.
