1946 2517
348 212 367 237 ι
910 198 1267 232 SERIES

415 295 534 328 1821.

348 351 380 384 d.
409 362 444 395 17
467 352 582 383 Martii.
627 351 883 383 Dissertatio
906 350 1332 384 Politice-‘Historioa
1355 353 1519 395 Inaugu
1534 353 1640 385 ralis
1669 352 1715 385 de
1746 355 1818 387 Ae-

523 410 637 440 rario
669 411 867 447 Romano,
900 407 1026 439 defensa
1055 410 1088 438 in
1123 408 1349 441 Auditorio
1389 411 1533 452 Majori
1570 412 1588 441 a
1620 410 1818 442 Folkerto

526 475 548 495 v
557 475 572 495 a
584 476 605 501 ῃ
628 466 655 495 H
665 476 683 496 e
695 476 713 495 u
725 465 746 496 k
755 465 820 497 elo
831 476 862 497 m
873 489 883 504 ,
923 465 1085 508 Lugduno
1095 483 1108 490 -
1118 467 1232 498 Batavo
1244 489 1255 505 ,
1286 477 1346 509 pro
1368 468 1542 498 Doctoratu
1569 468 1584 498 J
1589 468 1654 498 uris
1682 467 1821 499 Romani*

516 527 557 552 -et
577 519 742 554 Hodierni.

350 615 383 650 d.
407 626 443 658 31
472 618 589 650 Martii.
634 619 800 661 Specimen
822 619 1016 662 Inaugurale
1037 620 1216 657 Medicum,
1240 619 1396 652 exhibens
1422 619 1538 652 Ideam
1553 619 1732 661 generalem
1751 620 1822 652 An-

525 676 718 718 gieceasiae,
770 686 842 707 cum
881 677 1018 708 annexis
1053 677 1334 709 Obsewaeiombus
1350 701 1359 715 ‚
1402 676 1567 708 defensum
1607 679 1625 709 a
1664 676 1823 710 Carolo

526 731 616 764 Pflu
624 743 663 775 g,
687 734 783 776 Berga
808 733 847 764 ad
865 736 994 765 Zomam
1012 736 1146 774 Batavo,
1172 745 1231 777 pro
1249 736 1424 765 Doctoratu
1445 733 1634 767 Medicinae.

350 823 384 858 d.
407 826 428 864 4
446 825 577 870 Aprilis.
617 827 1374 874 SpecimenP‘hibosophossssriticum,
1398 827 1636 859 continens
1662 827 1821 859 Diatri-

526 883 606 915 ben
637 883 687 915 de
713 885 841 915 Bione
873 886 1203 928 Borysthenita,
1234 884 1400 916 defensum
1423 885 1459 915 in
1483 883 1719 916 Auditorio
1742 885 1820 915 Ma·

527 941 632 982 jori,
664 940 682 971 a
712 941 821 972 Jano
845 943 977 974 Mario
1001 943 1252 985 Hoogvliet‚
1281 941 1534 982 Schiedameusi,
1555 952 1616 986 pro
1643 943 1820 973 Doctoratu

526 993 750 1040 Philosophiae
768 997 881 1029 Tbeor.
906 1004 937 1029 et
956 1000 1132 1031 Literarum
1153 998 1401 1030 Humaniorum.

354 1090 387 1123 d.
415 1101 450 1125 11
473 1089 601 1135 Aprilis,
647 1090 868 1132 Specimen
912 1091 1216 1123 Academicum
1270 1089 1529 1133 Inaugurale
1569 1090 1616 1121 de
1655 1092 1821 1124 Joanne

527 1146 747 1189 Baptista,
771 1145 1251 1178 defensumiaAa-dnffl'm
1266 1147 1436 1189 Maiori,
1459 1147 1480 1178 a
1499 1145 1699 1177 Diderico
1720 1149 1818 1186 Bax,

528 1201 813 1240 Roterodamensi‚
838 1213 897 1244 pro
919 1204 1096 1235 Doctoratu
1119 1203 1322 1246 Theologiae.

353 1285 386 1320 d.
415 1296 450 1320 11
478 1284 603 1329 Aprilis.
649 1284 873 1326 Specimen
902 1283 1148 1315 Juridicum
1181 1283 1442 1327 Inaugurale
1468 1283 1516 1315 de
1550 1285 1818 1323 Monarchia,

528 1341 689 1384 optima
714 1340 890 1382 Imperii
913 1340 1072 1377 forma,
1105 1340 1271 1372 defensum
1309 1342 1344 1372 iu
1374 1340 1610 1372 Auditorio
1641 1342 1831 1383 Majori„

527 1398 547 1429 ὲ
567 1399 583 1428 J
592 1396 726 1428 acobo.
741 1399 843 1435 Rau„
861 1397 1190 1439 Lugduno-Batavo,
1220 1407 1282 1441 pro
1306 1399 1484 1429 Doctoratu
1516 1398 1602 1432 Juris
1621 1399 1757 1430 Romani
1788 1405 1822 1431 et

525 1453 691 1486 Hodietni.

349 1540 383 1575 d.
411 1548 444 1574 11
473 1536 598 1582 Aprilis.
643 1539 657 1567 J
667 1547 708 1568 ac
716 1535 766 1568 ob
776 1548 796 1568 u
806 1547 821 1568 s
851 1537 881 1569 G
890 1537 953 1568 eel
963 1559 972 1575 ,
1002 1536 1239 1569 Amstelodamo
1248 1553 1262 1560 -
1271 1537 1407 1568 Batavus
1417 1559 1428 1574 ,
1462 1534 1686 1578 Philosophiae
1707 1536 1817 1569 Theo..

524 1594 637 1625 reticae
666 1594 814 1636 Magister
836 1601 868 1625 et
887 1595 1063 1626 Literarum
1091 1594 1328 1627 Humaniorum
1357 1595 1495 1631 Ductor,
1520 1591 1661 1624 Honoris
1680 1604 1812 1634 caussa,

524 1649 628 1682 dictus
649 1656 707 1682 est.

351 1734 382 1768 d.
408 1734 427 1766 3
448 1733 534 1776 Maji.
580 1733 743 1774 Specc'men
764 1730 939 1762 „lm-[dicum
962 1731 1157 1774 Inaugumle
1167 1755 1175 1769 ‚
1199 1729 1352 1762 exhibens
1374 1731 1579 1770 Quaestiones
1600 1731 1693 1759 Varii
1710 1731 1816 1774 Argu.

525 1790 638 1826 menti,
659 1786 824 1819 defensum
850 1789 868 1818 a
892 1789 1101 1820 Matthaeo
1132 1791 1156 1820 G
1167 1799 1212 1819 or
1223 1787 1338 1819 nelio
1361 1788 1380 1818 S
1392 1786 1570 1829 tephano
1593 1786 1716 1819 Versl
1729 1798 1811 1832 uys„

531 1846 662 1887 Bagano
671 1867 680 1883 ‚
704 1855 764 1887 pro
784 1846 958 1876 Doctormu
979 1847 995 1876 J
998 1847 1063 1876 uris
1083 1847 1230 1878 Romani.

351 1928 383 1961 d.
409 1939 426 1961 2
449 1927 545 1959 Junii.
568 1969 571 1972 Δ
591 1927 808 1969 Specimen
827 1927 1071 1959 Juridicum
1103 1926 1363 1970 Inaugurale
1390 1925 1437 1957 ad
1460 1923 1654 1967 Regulam
1677 1925 1815 1961 suris:

523 2005 546 2023 „
570 1982 691 2026 Quod
719 1982 868 2017 favore
896 1983 1153 2028 quorundam
1192 1984 1475 2016 constitutum
1517 1988 1602 2020 est,
1633 1979 1812 2022 qunbus-

1685 2061 1710 2083 ‚‚
1733 2036 1818 2071 dam
