1946 2517
425 162 740 193 COMMENTATIO
762 171 796 192 IN
817 161 1120 200 QUAE‘STIONL‘M
1141 164 1353 195 MEDICAM.
1604 176 1639 206 23

137 241 205 282 nent
234 248 316 286 (a).
358 247 518 276 Decursum
541 254 654 276 servant
678 246 848 282 oppositum
875 255 939 276 cum
969 255 1040 276 vena
1069 241 1225 283 portarum
1277 248 1395 277 Ramuli
1427 256 1522 278 autem
1552 258 1648 284 venae,

135 308 282 339 portarum
303 309 317 328 a
336 306 414 336 parte
429 298 564 328 inferiore
581 305 696 327 sursum
719 303 747 326 et
763 297 935 332 lateraliter,
967 299 1076 326 surculi
1101 307 1171 327 vero
1193 306 1278 327 venae
1300 307 1385 327 cavae
1413 299 1533 334 oblique
1558 299 1644 328 deor-v

133 361 198 382 sum
225 353 362 387 tendunt3
385 351 452 380 hinc
477 359 559 387 saepe
584 359 616 379 se
642 356 746 378 mutuo
768 349 802 376 ad
825 348 946 385 angulos
972 357 1088 384 secant,
1112 357 1140 378 et
1162 349 1280 378 firmiter
1305 350 1378 378 inter
1403 358 1434 379 se
1464 358 1643 380 connectun-

131 411 199 439 tur,
219 404 289 432 adeo
315 409 366 437 ut,
396 403 492 440 (sunt
518 401 609 430 verba
627 400 789 436 Glissom'i)
813 402 989 438 ubicumque
1014 411 1099 431 venae
1120 412 1204 432 cavae
1231 411 1387 440 portaeque
1418 404 1488 432 rami
1515 413 1545 433 se
1568 405 1644 433 invi-

133 463 194 483 cem
219 454 390 488 contingant
410 453 516 488 (quod
537 451 670 488 plurimis
701 451 730 479 in
755 451 850 486 locis,
872 452 922 479 ubi
944 455 1066 490 majores
1092 455 1194 483 ramuli
1220 456 1404 492 occurrunt)
1424 462 1480 484 tam
1505 462 1582 484 arcte
1598 457 1642 485 in-

133 510 176 533 ter
192 513 222 533 se
243 509 472 538 connectantur,
493 509 526 531 ut
546 502 617 530 citra
633 502 748 530 alterius
775 509 923 538 rupturam
938 525 948 539 ‚
971 505 1068 532 divelli
1089 512 1231 541 nequeant
1263 507 1346 543 (b).
1386 506 1431 534 Ea
1454 512 1547 534 autern
1571 514 1646 534 non-

133 556 223 584 nullis
243 555 414 584 anatomicis
432 555 651 590 imposuerunt‚
675 555 745 583 istas
762 556 984 592 conjunctiones
1004 564 1056 591 pro
1073 558 1308 585 anastomosibus
1336 557 1520 587 habentibus.
1563 557 1646 585 Mal-

133 608 249 646 pigkiass
278 614 345 634 vero
368 613 395 634 et
422 606 485 641 ipse
516 605 630 634 Glisson
651 605 796 641 fatentur,
820 615 853 635 se
874 607 952 635 omni
979 608 1106 636 adhibita
1130 608 1289 637 attentione
1322 617 1465 644 nusquam
1502 609 1647 645 ejusmodi

135 664 333 687 anastomoses
355 658 481 686 invenire
505 657 638 693 potuisse
658 658 728 694 (c)
757 664 784 686 et
808 657 928 695 Harvey
954 659 1077 694 scribit,
1109 668 1173 695 „se
1197 668 1256 688 non
1284 668 1382 696 parum
1410 661 1467 689 olei
1492 667 1518 688 et
1546 668 1647 695 operae

135 709 295 746 perdidisse
320 709 348 737 in
371 708 549 737 anastomosi
575 709 766 746 exploranda3
789 717 853 738 nam
883 718 975 745 neque
997 711 1028 739 in
1045 711 1160 748 Jecore,
1191 713 1282 748 liene,
1308 712 1498 748 pulmonibus
1526 719 1569 741 est
1594 713 1647 741 ali·

134 761 201 796 quis
222 761 415 789 anastomosis
436 760 544 797 (ἄγ’.

173 813 203 848 §.
225 811 273 849 36.
314 812 436 841 Insertio
458 812 487 840 in
507 819 606 841 venam
623 819 720 840 cavam
734 832 745 847 ‚
766 810 795 841 in
811 812 928 848 locum,
949 819 1009 848 quo
1035 812 1104 841 haec
1127 822 1198 842 vena
1221 822 1251 842 se
1270 814 1381 851 hepatis
1401 814 1520 850 postico
1542 820 1570 842 et
1594 823 1646 847 sua

132 862 239 899 periori
258 862 377 899 margini
395 863 513 899 inserit,
537 863 656 899 oblique
684 863 738 899 fit,
770 871 805 892 ne
831 864 948 900 sanguis
972 864 1007 892 ad
1030 872 1080 892 cor
1103 865 1299 901 regrediretur.
1339 864 1373 894 In
1396 865 1456 894 situ
1479 874 1570 901 prope
1590 873 1646 894 con

132 913 206 943 ratio
228 914 385 950 quaerenda
404 920 467 949 est,
489 922 541 943 cur
557 922 623 942 vasa
644 914 711 942 haec
734 914 875 950 sanguine
899 915 1005 950 repleta
1024 914 1205 943 inveniantur
1228 916 1258 944 in
1282 916 1339 950 iis,
1360 916 1411 951 qui
1434 922 1503 952 post
1522 916 1645 952 longam-

133 967 264 1002 agoniam
290 967 397 995 mortui
415 973 484 995 sunt
503 967 581 1004 (e).
627 966 796 1002 Dispositio
818 972 971 1003 memorata
995 973 1130 994 venarum
1154 966 1290 1002 hepatis,
1310 967 1422 995 illarum
1447 966 1567 996 affinitas
1589 966 1642 996 imv

133 1017 254 1045 mediate
272 1025 336 1045 cum
368 1018 449 1046 venis
466 1017 717 1053 abdominalibus,
738 1017 909 1053 illarumque
931 1016 1031 1045 intima
1056 1018 1198 1047 connexio
1224 1026 1291 1047 cum
1317 1019 1399 1048 vasis
1419 1018 1614 1049 mesentericis
1627 1039 1646 1054 ,

130 1067 276 1096 veteribus
298 1075 394 1096 ansam
419 1068 610 1104 praebuerunt
635 1068 786 1103 credendi,
807 1067 971 1103 portionem
995 1068 1175 1097 essentialem
1201 1069 1279 1105 chyli
1304 1070 1401 1098 statim
1424 1078 1475 1105 per
1496 1070 1643 1105 posterioz

131 1121 176 1146 res
195 1119 247 1147 has
260 1138 272 1155 ‚
293 1119 329 1147 ad
349 1119 437 1155 hepar
454 1119 594 1155 transire,
615 1120 649 1147 ad
668 1118 889 1148 elaborationem
906 1118 937 1149 in
955 1119 1044 1157 hujus
1060 1120 1284 1157 parenchymate
1302 1121 1499 1156 subeundam,
1519 1126 1553 1150 ut
1574 1127 1645 1156 qua,

131 1169 226 1198 litates
248 1170 402 1206 sanguinis
423 1170 582 1205 acquireret
602 1170 681 1208 (f).
705 1201 707 1204 ,

171 1221 201 1257 §-
225 1229 273 1257 37.
314 1221 397 1257 Ipsae
415 1227 507 1250 autem
529 1222 592 1250 illae
607 1228 744 1251 extremae
758 1223 938 1260 divisiones,
961 1224 1068 1260 quibus
1093 1234 1180 1255 venae
1204 1233 1353 1262 portarum
1375 1232 1403 1255 et
1422 1225 1538 1255 arteriae
1557 1225 1642 1261 hepa-

132 1271 207 1300 ticae
227 1273 384 1300 ramusculi
401 1272 431 1301 in
450 1280 536 1301 venae
559 1280 643 1301 cavae
671 1274 798 1303 ramulos
825 1281 997 1311 transeunt,
1025 1277 1142 1305 vascula
1166 1278 1215 1318 illa
1241 1281 1446 1313 componunt,
1475 1276 1645 1309 tenuissima

134 1323 254 1351 eximiae
271 1323 442 1351 subtilitatis
454 1343 465 1358 ‚
486 1323 515 1352 in
536 1323 713 1359 glomerulos
732 1325 890 1354 convoluta
903 1345 914 1359 ‚
934 1334 1012 1361 quae>
1031 1327 1218 1367 illalpighius
1246 1336 1305 1363 pro
1325 1328 1416 1363 acinis
1436 1326 1617 1365 glandulosis'
1629 1345 1640 1361 ,

131 1373 310 1410 hexagonis,
336 1374 497 1402 secretoriis
520 1375 659 1403 salutavit
680 1376 723 1412 (g
732 1375 767 1412 );
793 1377 949 1406 artificialis
969 1386 1036 1407 vero
1055 1379 1178 1416 injectio
1189 1386 1266 1409 extra
1281 1379 1402 1410 dubium
1417 1380 1522 1413 evicit,
1547 1386 1641 1411 totum

132 1423 221 1459 hepar
239 1432 302 1451 esse
324 1425 511 1452 vasculosum
535 1425 626 1462 (h),
648 1425 714 1453 dum
745 1434 815 1462 post
835 1426 1005 1457 felicissime
1024 1429 1186 1458 institutam
1211 1431 1389 1459 artiflcialem
1418 1429 1639 1465 impletionem,

132 1473 206 1502 nihil
227 1474 283 1502 nisi
301 1474 354 1502 tela
372 1474 512 1503 cellulosa
532 1483 591 1503 non
612 1475 764 1511 impletum
783 1485 906 1507 remanet
930 1479 1004 1516 (i).

168 1525 200 1561 §-
221 1526 270 1562 38.
311 1525 494 1561 Corpuscula
520 1534 588 1555 vero
608 1527 676 1561 illa,
699 1528 772 1556 acini
797 1529 858 1564 illi,
881 1531 1064 1567 glandulosi,
1087 1531 1127 1560 uti
1145 1522 1348 1569 crediderunt,
1369 1531 1527 1562 secundum
1555 1525 1639 1561 Heir-

135 1580 181 1604 ter
201 1576 270 1613 (k)
291 1575 413 1605 fortasse
430 1584 465 1605 ex
481 1584 515 1606 eo
534 1584 613 1605 enata
626 1598 636 1613 ,
661 1579 739 1614 quod
761 1580 837 1608 varia
858 1581 887 1609 in
912 1582 1052 1620 subjectis
1061 1584 1222 1613 ·morb0sis
1234 1604 1246 1620 ‚
1266 1584 1396 1621 hydrope
1413 1582 1578 1620 praesertim
1604 1588 1639 1609 ex

890 1643 893 1646 ⁴
1290 1642 1294 1647 *
1481 1646 1483 1648 ·
1569 1638 1646 1660 atro·

157 1692 212 1721 (a)
232 1692 269 1715 cs.
283 1692 377 1719 Ilaller,
397 1693 468 1716 Elem.
482 1693 547 1720 Phys.
564 1695 592 1717 Τ.
606 1697 628 1718 6.
651 1695 676 1717 1..
691 1700 727 1720 23-
746 1697 768 1720 s.
786 1701 805 1719 ι.
820 1697 840 1722 s.
859 1701 895 1724 ¹7·
910 1704 933 1725 p.
947 1703 998 1723 500.
1025 1698 1063 1722 cf.
1078 1698 1178 1727 Bichat,
1192 1698 1265 1723 Anat.
1281 1699 1398 1725 Descript.
1422 1699 1453 1722 T.
1466 1703 1488 1725 5.
1501 1705 1527 1725 p.
1541 1702 1579 1725 9⁰·

157 1734 210 1762 (h)
233 1734 271 1755 Cf.
288 1735 390 1762 Gtisron,
404 1735 476 1757 Anat.
491 1737 547 1762 Ilep.
570 1738 626 1764 Cap.
642 1742 676 1763 33.
699 1745 721 1765 p,
737 1740 788 1762 328.

158 1773 208 1802 (c)
230 1775 267 1797 Cf.
284 1775 386 1804 Glisson,
400 1776 472 1797 Anat.
488 1778 542 1804 llep,
567 1780 623 1806 Cap.
642 1784 676 1805 33.
696 1786 722 1807 p,
737 1784 790 1806 330,

156 1815 208 1844 (d)
233 1816 268 1838 ef.
284 1816 373 1842 Jlarvaey
389 1818 417 1838 de
433 1818 494 1841 Cirr.
508 1819 574 1845 sang.
597 1827 619 1846 p.
637 1826 686 1846 204·

158 1859 208 1884 (e)
232 1856 265 1878 cf(
289 1857 389 1885 Βῐεὶιαι,
408 1859 481 1881 Anat,
498 1859 627 1888 De1c1r·pr.‚
649 1863 678 1883 T.
694 1867 715 1887 s.
736 1868 757 1889 p.
776 1868 812 1889 90·

158 1898 209 1926 (s)
232 1899 269 1920 CF.
289 1899 386 1923 Ducum,
402 1900 482 1921 Princ.
499 1900 525 1920 de
542 1901 605 1926 Phys,
630 1904 656 1924 Τ,
674 1909 692 1927 ⁴·
718 1910 740 1930 p,
759 1909 808 1929 ⁵77·

156 1942 190 1965 (g
206 1956 207 1960 ,
229 1941 264 1963 Cf.
282 1940 421 1966 alalpiqhiux
437 1942 465 1962 dc
481 1941 540 1963 Vise,
556 1942 693 1969 structura,
711 1949 777 1970 μη,

157 1981 211 2008 (b)
233 1981 271 2003 Cf.
289 1981 441 2006 llildebmnd,
458 1982 538 2002 Lehrb.
556 1982 596 2002 der
612 1983 656 2005 Au.
679 1985 706 2006 Τ,
719 1990 739 2006 2,
752 1987 771 2012 5.
787 1989 850 2013 211⁴,

154 2023 206 2052 (ι’)
226 2024 263 2046 cs.
278 2023 397 2050 frankin,
411 2023 474 2047 Dim.
490 2023 515 2043 dc
533 2024 588 2050 slep.
604 2032 627 2052 p.
644 2025 677 2047 ιε.
692 2027 712 2052 s.
726 2029 761 2051 ¹7·
956 2024 1014 2054 (k)
1036 2027 1072 2050 cf.
1090 2025 1198 2048 Heln-r.
1217 2025 1285 2051 eomp.
1301 2024 1370 2046 Anat.
1392 2028 1440 2046 not.
1452 2030 1475 2051 ⁹-
