1946 2517
316 164 630 195 COMMENTATIO
651 173 693 195 AD
714 163 1018 203 QUAESTIONEM
1047 163 1394 197 PHILOSOPHICAM.
1540 175 1580 202 ‘¹9

69 249 184 279 citatem
217 246 422 283 felicitatisque
458 247 629 277 desiderium
656 248 812 283 relinquere
838 254 865 275 et
891 247 1010 286 abjicere
1041 250 1132 279 valet:
1165 258 1235 286 quae
1265 249 1378 285 quidem
1403 248 1448 277 vis
1473 247 1579 277 fortior

67 308 113 330 est
141 309 224 336 quam
256 309 357 329 sensus
379 301 430 336 qui
460 301 496 329 ad
521 300 686 330 felicitatem
714 300 941 336 prosequendam
976 309 1039 329 eum
1068 301 1216 329 sollicitat.
1258 300 1392 337 Quisque
1413 299 1474 327 sine
1498 299 1577 327 Con-

70 351 206 381 scientiae
234 352 446 388 improbatione
472 352 500 380 id
526 352 638 388 rejicere
663 357 760 387 potest
785 350 863 387 quod
891 350 1039 381 felicitatis
1063 360 1129 388 spes
1156 361 1220 381 eum
1242 353 1346 390 jubet,
1375 351 1426 380 sed
1449 351 1480 379 id
1501 351 1580 386 quod

68 402 162 431 virtus
185 402 266 439 jubet
288 403 401 439 rejicere
429 402 547 438 impune
571 401 685 437 nequit.

110 454 162 482 lllc
187 453 249 489 ipse
275 455 325 489 qui
354 454 446 483 dicit:
467 453 602 482 virtutem
627 452 707 488 sequi
726 452 815 481 debeo
845 459 876 481 ut
901 452 970 481 felix
993 453 1067 489 sim,
1091 454 1183 483 dicere
1208 462 1268 483 non
1292 454 1421 483 auderet:
1446 453 1578 481 dummo-

71 505 110 533 do
135 503 203 533 felix
229 505 281 533 sim
312 505 445 532 virtutem
483 503 642 540 relinquere
673 511 804 540 possum.
853 505 949 539 Atque
970 513 1004 533 eo
1035 504 1101 541 ipso
1137 506 1269 542 agnoscit
1297 505 1471 542 principium
1498 502 1580 538 quod

71 555 107 584 ad
133 554 297 584 felicitatem
323 555 447 591 impellit
471 555 682 593 subjiciendum
710 562 773 584 esse
795 555 912 584 virtutis
932 556 1009 592 legi:
1042 557 1174 592 agnoscit
1203 565 1261 585 non
1287 557 1421 585 virtutem
1449 552 1582 583 felicitati

72 607 122 635 sed
145 606 309 635 felicitatem
335 606 436 635 virtuti
464 614 526 635 esse
551 607 718 642 cedendam,
739 606 861 642 ideoque
881 607 958 635 illam
988 607 1041 634 hac
1064 615 1127 635 esse
1150 607 1326 637 inferiorem.

111 657 217 692 Neque
235 658 269 685 ad
285 665 442 693 paucorum
459 657 755 694 praeclarissimorum
775 657 923 686 hominum
944 659 1071 694 exempla
1092 667 1243 694 provocem
1258 679 1268 694 ,
1290 658 1340 687 sed
1356 658 1391 686 ad
1409 664 1510 686 omnes
1527 655 1581 683 ho·

69 708 161 736 mines
186 708 327 743 ipsosque
343 709 490 737 hominum
509 709 691 738 detractores.
732 708 809 747 Quis
828 717 886 737 non
909 717 1011 744 saepe,
1034 709 1132 738 subito
1154 710 1236 745 quasi
1254 709 1376 745 quodam
1398 708 1506 743 impetu
1533 712 1582 741 ge-

70 767 170 788 nerose
189 759 284 795 aliqua
303 767 331 787 re
347 767 378 787 se
403 759 539 789 orbavit?
560 760 685 789 nobilem
707 760 856 796 quamdam
873 760 1015 788 actionem
1037 759 1105 788 fecit
1134 769 1193 789 non
1217 766 1281 788 ante
1309 760 1462 795 cogitatam
1482 757 1580 790 illam,

70 811 120 840 sed
145 811 180 839 ad
203 818 288 846 quam
309 810 370 845 ipsa
394 810 480 839 animi
499 811 614 840 bonitas
630 811 815 847 Virtutisque
841 818 940 845 amor,
968 811 1047 839 nulla
1074 811 1208 840 utilitatis
1233 817 1283 840 aut
1299 809 1458 846 voluptatis
1475 807 1585 836 ratione

69 861 189 896 habita,
218 870 280 889 eum
309 861 445 897 impulit?
485 862 586 890 Postea
628 862 742 897 quidem
771 862 949 897 voluptatem
989 862 1088 890 exinde
1117 861 1263 898 percepit,
1292 861 1342 890 sed
1370 867 1435 889 cum
1463 856 1582 886 virtutis

67 920 218 949 praecepta
244 919 429 947 sequeretur,
458 912 492 941 c'.e
516 912 567 940 hac
596 913 746 948 voluptate
773 921 830 941 uon
853 912 1013 949 cogitavit:
1047 921 1130 949 nam,
1160 919 1191 941 ut
1217 913 1296 947 dixi,
1317 911 1393 940 actio
1419 917 1479 938 non
1502 913 1581 936 antea

72 964 219 1000 cogitata,
251 965 299 992 sed
325 964 470 999 repemina
496 969 574 999 erat3
604 970 697 998 neque
720 963 806 999 hujus
831 963 991 999 voluptatis
1013 972 1079 1000 spes
1108 969 1158 992 aut
1189 963 1347 992 recordatio
1377 961 1440 999 ejus
1466 957 1583 988 virtutis

69 1023 154 1043 causa
170 1014 245 1044 fuit:
269 1015 296 1043 in
323 1023 382 1050 quo
402 1022 460 1043 uno
484 1014 615 1049 quaestio
639 1013 745 1042 versari
768 1013 862 1043 debet.

110 1066 159 1095 Sic
185 1066 328 1102 quondam
360 1071 449 1093 mater
470 1065 539 1100 illa,
568 1073 640 1100 quae
666 1064 696 1093 in
726 1063 816 1092 filium
844 1072 962 1100 anguem
991 1064 1112 1100 irrepere
1138 1064 1286 1099 filiumque
1306 1070 1414 1091 veneno
1439 1061 1581 1090 infectum

70 1117 206 1153 videbat;
228 1117 257 1146 in
283 1117 390 1145 vulnus
415 1124 444 1144 se
469 1115 606 1152 projicit,
626 1123 767 1144 venenum
794 1115 872 1150 sugit
895 1122 922 1143 et
948 1115 1078 1145 moritur.
1126 1115 1214 1153 Quod
1236 1113 1435 1143 tantummodo
1466 1118 1582 1148 propte-

71 1178 118 1199 rea
139 1168 247 1204 affero,
277 1174 309 1196 ut
334 1173 466 1202 appareat
497 1174 612 1195 matrem
647 1166 724 1193 illam
755 1165 933 1201 voluptatem
966 1166 1136 1202 Epicuream
1173 1173 1234 1195 non
1263 1173 1429 1201 spectasse,
1459 1164 1582 1198 ideoque

71 1220 204 1250 virtutem
229 1219 312 1254 sequi
338 1226 426 1254 posse
448 1217 510 1246 sine
531 1217 690 1252 voluptatis
713 1225 763 1252 spe
785 1223 833 1244 aut
861 1217 1063 1245 incitamentis.

109 1270 225 1308 Quodsi
251 1269 317 1305 quis
337 1270 412 1297 dicat
438 1269 614 1304 voluptatem
644 1275 716 1303 quae
739 1275 771 1295 ex
799 1275 832 1295 eo
859 1267 1016 1303 percipitur
1041 1268 1120 1304 quod
1145 1268 1280 1297 virtutem
1305 1267 1474 1302 sequimur,
1505 1264 1584 1293 nulla

71 1322 154 1350 etiam
185 1320 316 1357 propriae
341 1320 474 1348 utilitatis
497 1326 546 1347 aut
559 1319 750 1356 jucunditatis
779 1318 887 1347 ratione
913 1318 1029 1354 habita,
1053 1327 1152 1354 puram
1175 1319 1289 1353 quidem
1317 1325 1397 1352 csse,
1419 1316 1467 1344 sed
1492 1321 1584 1343 tamen

73 1371 159 1401 nobis
183 1370 345 1407 voluptatis
368 1370 465 1398 locum
489 1376 604 1405 tenere,
626 1370 652 1398 is
678 1369 810 1405 profecto
838 1370 873 1397 ad
897 1370 1046 1404 proprium
1070 1369 1250 1405 quaestionis
1276 1374 1382 1396 statum
1406 1375 1465 1396 non
1493 1372 1586 1394 atten-

71 1421 126 1451 dit.
165 1421 304 1458 Epicurei
327 1421 395 1450 haec
421 1421 590 1458 objicientes
615 1422 670 1449 sub
697 1423 795 1449 eodem
818 1419 933 1448 nominc
958 1420 1167 1448 diversissimas
1196 1427 1240 1448 res
1257 1418 1462 1452 confundunt,
1483 1421 1510 1444 et
1530 1416 1585 1443 tale

71 1473 142 1510 quid
163 1473 318 1502 admittunt
341 1473 420 1508 quod
444 1472 592 1508 Epicurus
620 1472 765 1501 admittere
792 1479 911 1508 prorsus
936 1477 1022 1500 vetat.

113 1524 200 1555 Felix
230 1529 274 1553 est
301 1523 389 1552 homo
418 1531 484 1551 cum
515 1531 565 1558 per
597 1523 809 1559 temperantiam
835 1522 911 1550 bona
942 1522 1103 1551 valetudine
1126 1521 1242 1552 fruitur.
1292 1519 1377 1549 Tune
1413 1518 1582 1548 desiderium

72 1575 267 1612 assequendae
291 1574 539 1604 conservandaeve
564 1573 732 1610 felicitatis,
754 1575 784 1603 id
806 1581 849 1604 est
873 1575 927 1604 hoc
955 1574 1043 1611 loco,
1064 1575 1156 1604 bonae
1185 1572 1377 1608 valetudinis,
1400 1577 1444 1600 est
1472 1570 1583 1607 princi·

73 1628 154 1665 pium
181 1626 381 1663 temperantiae
403 1632 431 1654 et
459 1624 586 1654 virtutis.

113 1678 170 1708 Sed
185 1683 213 1706 et
227 1678 311 1712 felix
327 1682 370 1706 est
391 1677 480 1705 homo
502 1684 567 1705 cum
590 1675 686 1705 minus
706 1683 786 1706 curat
804 1677 937 1714 corporis
961 1677 1149 1714 integritatem
1170 1683 1197 1706 et
1218 1677 1366 1705 sanitatem
1389 1672 1584 1712 (principium

76 1729 133 1761 hoc
154 1729 220 1757 loco
239 1729 358 1757 virtutis
384 1728 540 1757 secundum
566 1727 756 1767 Epicurum)
785 1736 816 1756 ut
840 1730 946 1764 patriae
969 1730 1014 1758 vel
1051 1728 1167 1758 caeteris
1203 1727 1370 1756 hominibus
1399 1724 1504 1762 prosit.
1545 1722 1585 1751 Et

75 1786 145 1810 tunc
167 1780 336 1809 desiderium
373 1778 541 1815 felicitatis,
572 1779 601 1808 id
629 1786 671 1808 est
698 1780 754 1808 h'oc
786 1781 875 1816 loco,
904 1779 1025 1809 felicitas
1061 1789 1133 1816 quae
1166 1780 1324 1815 percipitur
1356 1785 1389 1806 ex
1423 1775 1584 1805 obedientia

75 1831 199 1867 virtuti,
219 1838 246 1860 et
271 1839 304 1860 ex
327 1831 504 1862 Indolentiae
534 1832 681 1868 bonaeque
708 1833 879 1862 valetudinis
905 1832 1075 1869 negligentia
1108 1832 1180 1860 hanc
1210 1831 1247 1859 ob
1274 1836 1407 1862 causam,
1438 1834 1480 1855 est
1507 1827 1584 1863 prin-

77 1882 185 1919 cipium
206 1882 335 1911 virtutis.

118 1935 154 1963 In
179 1940 301 1970 utraque
329 1941 358 1963 re
381 1933 527 1964 felicitatis
553 1935 721 1964 desiderium
748 1934 924 1972 principium
953 1940 997 1962 est
1022 1933 1162 1969 virtutis3
1193 1932 1242 1960 sed
1265 1930 1331 1966 quis
1358 1929 1448 1958 dicere
1472 1927 1586 1955 auderet

79 1983 245 2016 felicitatem
271 1985 302 2017 in
326 1992 445 2024 utraque
463 1995 549 2017 causa
571 1987 697 2025 eiusdem
719 1994 782 2017 esse
809 1986 951 2016 naturae?
1005 1984 1084 2016 Toto
1114 1985 1195 2014 coelo
1227 1982 1340 2018 differt,
1371 1980 1500 2016 nihilque
1529 1977 1586 2007 nisi

808 2038 836 2069 C
857 2047 874 2067 α
1533 2036 1589 2058 1¹0·
