1946 2517
594 162 1162 194 ANNOTATIO.
1580 178 1614 206 43

284 248 358 277 dixi.
401 267 420 282 „
440 247 602 276 Dolendum
626 255 688 276 esse
712 246 906 274 existimabam
919 267 930 282 ,
953 246 978 276 si
997 247 1147 278 deficiente
1167 247 1312 279 Historiae
1330 249 1476 279 Naturalis
1493 251 1610 281 institu-

290 319 310 335 ‚‚
331 299 408 327 tione
425 298 562 335 publica,
583 304 627 326 tot
647 296 770 332 eximia,
793 297 901 333 quibus
926 299 1051 328 abundat
1065 300 1222 335 Muscam,
1245 309 1310 329 cum
1330 301 1525 337 Animalium,
1548 309 1608 330 tuin

290 370 311 385 ‚,
330 349 533 384 Minci-alium,
556 348 734 384 specimina,
762 348 909 385 plerisque
934 350 1069 387 inutilia,
1091 352 1120 380 in
1145 351 1226 380 cistis
1244 358 1271 380 et
1291 352 1383 381 thecis
1403 353 1447 381 vel
1464 353 1610 381 delitesce-

289 420 308 436 „
330 407 392 429 rent
403 421 413 436 ,
435 401 478 429 vel
490 406 564 429 certe
578 408 638 428 non
654 400 709 428 nisi
722 400 826 428 otiosis
843 401 1009 431 hominibus
1020 423 1030 437 ,
1047 403 1226 432 curiositatis
1241 403 1395 439 explendae
1409 404 1517 440 gratia,
1541 412 1610 439 qua-

289 472 309 488 „
329 453 353 481 si
375 461 424 488 per
442 458 621 480 transennam
647 451 851 486 conspicienda
877 453 1090 487 praeberentur.
1133 453 1202 482 Non
1220 454 1276 482 hoc
1302 453 1435 490 profecto
1452 455 1608 491 Augustis·

287 523 309 539 ,‚
328 504 366 532 mi
384 502 503 532 REGIS
516 524 525 538 ‚
548 510 611 531 cum
628 502 901 538 praestantissimam
926 504 1144 540 collectionem,
1166 505 1348 534 haereditatis
1365 506 1428 542 jure
1443 513 1606 542 acceptam,

287 573 306 589 „
327 561 354 581 et
380 562 415 582 ex
439 553 589 589 rapacibus
617 552 768 581 Gallorum
795 553 927 581 manibus
962 563 1044 591 aegre
1067 562 1209 591 ereptam,
1239 563 1415 591 extractam,
1443 563 1606 593 extortam,

285 625 306 641 ,‚
329 605 398 640 quin
420 605 530 641 egregie
555 610 664 633 auctam
678 624 688 638 ,
709 603 903 638 emendatam,
925 613 1074 641 ornatam,
1105 607 1274 636 Academiae
1297 614 1412 636 nostrae
1432 615 1486 637 tam
1514 610 1607 637 mnni-

242 666 245 669 ’
284 676 303 692 ,,
323 657 376 685 fiee
401 657 479 686 dono
505 657 601 692 daret;
625 664 684 685 non
711 656 784 690 hoc,
806 656 946 692 inquam,
977 657 1170 686 liberalissimi
1195 658 1317 688 REGIS
1342 660 1496 688 consilinm
1516 660 1607 689 fuisse

115 1768 180 1819 pag.
197 1790 244 1821 19.

153 1883 227 1914 lbid.

281 728 303 744 ‚‚
324 714 446 744 putem,
469 714 500 736 ut
525 709 597 736 nulli
620 708 772 736 inserviret
799 707 886 741 usui,
917 714 1111 743 praeterquam
1132 709 1212 744 quod
1239 710 1323 738 statis
1348 710 1427 738 horis
1451 718 1478 739 et
1505 711 1606 739 diebus

285 780 306 795 ,,
326 765 486 795 spectatum
507 760 706 788 admitteretur
729 759 818 787 mixta
838 758 1010 794 quorumvis
1033 758 1182 787 hominum
1195 780 1206 794 ,
1226 760 1310 788 etiam
1337 761 1606 789 indoctissimotum

282 831 303 847 „
322 817 350 839 et
364 811 630 847 ineptissimorum‚
653 810 816 847 upilionum
829 830 840 846 ‚
862 817 894 838 ut
917 811 965 839 ille
981 811 1040 847 ait,
1060 819 1088 840 et
1103 812 1296 842 bubulcorum
1317 813 1418 849 turba,
1441 815 1526 843 tantis
1544 817 1609 850 opi·

283 882 303 898 „
325 862 399 897 bus,
421 868 476 892 tam
497 863 624 891 mirificis
643 861 819 891 Animalium
847 862 967 898 figuris,
989 869 1087 898 aperto
1109 872 1157 892 ore
1173 871 1201 893 et
1219 865 1327 893 obtuso
1348 867 1452 901 vultu,
1474 874 1525 894 nec
1542 868 1604 895 sine

279 913 442 949 „inficetis
470 912 756 950 interrogatiunculis
787 918 814 940 et
847 912 968 941 insulsis
995 913 1306 952 confabulationibus,
1336 917 1426 945 stulte
1449 917 1606 954 adstupen-

278 984 297 1001 ,‚
318 964 403 993 tium.
444 963 514 992 Non
541 972 574 992 eo
597 969 704 992 tantam
730 962 905 998 diligentiam
933 964 1128 1000 vindIcando,
1154 966 1374 1002 conquirendo,
1396 969 1523 997 curando
1545 969 1604 997 exi-

277 1035 297 1050 ,‚
317 1016 376 1044 mio
393 1015 461 1043 huic
487 1016 622 1044 thesauro
645 1013 785 1050 impendit
809 1023 1061 1051 BRUGMANSIUS,
1084 1025 1143 1046 non
1165 1025 1200 1046 eo
1228 1023 1272 1046 tot
1295 1018 1386 1047 bonas
1411 1019 1516 1055 horas,
1546 1021 1603 1050 imo

273 1085 293 1103 „
314 1073 364 1096 tot·
378 1067 437 1095 dies
458 1074 619 1102 noctesque
635 1066 665 1095 in
682 1065 780 1105 eodem
800 1067 963 1095 ordinando
987 1073 1015 1095 et
1037 1069 1166 1097 ornando
1190 1069 1371 1104 consumsit,
1393 1076 1426 1098 ut
1447 1072 1481 1099 ad
1499 1073 1601 1100 oculo-

275 1137 295 1155 „
315 1126 378 1146 rum
405 1119 489 1147 unice
511 1118 688 1153 voluptatem
714 1116 840 1151 faceret,
869 1117 1090 1153 jucundumque
1117 1119 1263 1148 exhiberet
1286 1122 1503 1156 spectaculum,
1535 1131 1595 1157 qno

274 1188 295 1205 „
315 1169 447 1206 hospites
474 1170 708 1205 oblectarentur,
734 1175 762 1197 et
785 1168 873 1197 otiosi
892 1169 988 1205 quivis
1013 1175 1041 1197 et
1067 1169 1179 1198 desides
1206 1169 1335 1199 homines
1357 1179 1389 1199 ac
1415 1172 1598 1202 mulierculae

274 1238 295 1257 ‚,
315 1225 431 1256 tempus
459 1228 487 1249 et
511 1221 634 1249 taedium
664 1220 818 1249 identidem
849 1220 992 1251 fallerent.
1032 1221 1130 1250 Dubio
1158 1223 1262 1257 procul
1292 1228 1320 1250 et
1352 1222 1403 1258 Is,
1439 1225 1490 1259 qui
1520 1225 1603 1254 dono

271 1289 292 1307 „
312 1276 406 1299 tantas
432 1271 519 1300 nobis
542 1271 660 1300 divitias
682 1271 779 1306 dedit,
800 1278 828 1300 et
847 1272 894 1308 is,
917 1272 969 1309 qui
992 1272 1023 1301 in
1049 1273 1204 1309 elegantem
1224 1272 1325 1308 illum,
1356 1281 1415 1309 quo
1439 1275 1498 1311 jam
1528 1283 1600 1304 con·

277 1342 296 1358 ,‚
316 1321 501 1358 spiciuntur,
531 1323 659 1352 ordinem
681 1322 810 1359 redegit,
840 1324 919 1353 aliud
941 1324 1011 1361 quid
1043 1331 1070 1353 et
1095 1324 1184 1361 longe
1212 1325 1386 1360 praeclarius
1409 1332 1596 1364 spectarunt3

278 1392 298 1410 „
318 1373 374 1403 hoc
390 1374 525 1404 nimirum
539 1394 550 1411 ,
572 1381 604 1403 ut
618 1381 673 1404 tam
699 1374 866 1410 insignibus
893 1376 992 1413 adjuta
1010 1375 1149 1405 subsidiis
1163 1375 1333 1405 Academica
1356 1376 1525 1414 Juventus,
1548 1379 1601 1407 im-

277 1445 297 1461 „
317 1425 417 1461 primis
442 1434 510 1455 vero
536 1426 579 1454 illi
604 1435 638 1455 ex
660 1427 808 1458 Studiosis
822 1449 833 1464 ,
855 1429 906 1465 qui
934 1429 1002 1458 haec
1029 1438 1108 1458 sacra
1131 1437 1199 1465 prae
1220 1429 1322 1457 ceteris
1344 1436 1440 1458 essent
1463 1432 1597 1468 culturi,

277 1495 297 1511 „
317 1476 427 1513 egregie
442 1477 679 1513 sublevarentur,
701 1485 729 1507 et
753 1479 840 1508 citius
867 1481 960 1509 multo
982 1488 1014 1508 ac
1036 1479 1152 1508 felicius
1167 1479 1197 1507 in
1224 1478 1373 1507 Naturalis
1391 1479 1598 1518 Philosophiae

275 1546 294 1562 ‚‚
316 1527 412 1556 studio
438 1527 588 1563 profectus
615 1528 752 1561 facerent.
796 1530 893 1567 Hujus
923 1539 991 1560 vero
1018 1531 1057 1559 rei
1078 1530 1280 1567 cogitationem
1310 1531 1432 1560 multum
1458 1535 1535 1570 apud
1554 1543 1599 1563 me

273 1597 292 1613 ,‚
313 1578 438 1606 valuisse
463 1578 571 1615 fateor,
593 1586 626 1608 ut
650 1587 722 1610 voto
749 1580 854 1617 Ampl.
873 1581 1051 1613 Curatorum
1078 1582 1191 1612 tandem
1214 1590 1386 1617 annuerem,
1408 1591 1443 1612 ne
1469 1593 1528 1614 mea
1543 1586 1596 1615 ali-

274 1648 294 1666 „
315 1636 458 1664 quatenus
483 1630 569 1668 culpa
597 1631 709 1660 deesset
736 1641 856 1668 prorsus
877 1634 1005 1669 aliquis,
1035 1634 1086 1669 qui
1114 1632 1215 1662 Musei
1242 1634 1392 1663 thesauros
1420 1635 1454 1664 ad
1475 1644 1593 1671 eorum,

270 1700 290 1716 ,‚
311 1688 436 1716 quorum
455 1682 585 1711 omnium
614 1684 735 1713 maxime
759 1685 898 1722 interest,
920 1685 1053 1715 notitiam
1075 1685 1263 1722 produceret,
1284 1693 1443 1722 eorumque
1459 1695 1474 1715 e
1489 1685 1589 1717 chrs

274 1751 292 1767 „
313 1731 439 1760 consilio
459 1733 629 1763 utendorum
651 1735 764 1771 copiam
787 1736 880 1767 Vobis
903 1736 1030 1772 faceret,
1050 1735 1131 1766 etc.’'

267 1786 337 1825 Quo
358 1785 533 1821 praeclarus
565 1786 858 1824 Carthaginiensium
881 1787 945 1818 dux
969 1794 1027 1820 etc.
1066 1787 1136 1817 Vid.
1169 1796 1291 1818 ciceuo
1323 1788 1362 1818 L.
1387 1788 1426 1818 ΙΙ.
1455 1789 1491 1818 de
1515 1790 1592 1820 Ora·

267 1854 284 1869 ‚‚
305 1839 367 1862 tore
385 1842 413 1864 c.
436 1836 480 1865 18.

268 1885 333 1922 ,Qui
351 1887 406 1915 hac
424 1888 493 1925 ipsa
511 1888 545 1917 tle
567 1897 600 1916 re
616 1889 766 1926 -dixit,
794 1898 942 1922 Caunios.
983 1889 1085 1926 Binis,
1115 1899 1189 1926 quos
1211 1900 1238 1920 a.
1263 1898 1333 1929 1747
1356 1897 1383 1920 et
1403 1884 1495 1929 1763,
1515 1892 1591 1930 Aca-

270 1935 383 1967 demico
401 1941 567 1977 magistratu
587 1939 685 1971 abiens
699 1962 710 1979 ,
731 1941 777 1971 hic
801 1943 916 1980 Leydae
935 1941 1055 1978 habuit,
1075 1944 1279 1980 sermonibus,
1302 1943 1458 1973 etiamnum
1478 1944 1508 1974 in
1529 1951 1591 1972 tan.

948 1992 970 2023 F
991 2001 1008 2022 2
1542 2001 1590 2031 ta,
