1946 2517
302 106 614 138 COMMENTATio
633 115 676 136 AD
697 106 1002 145 QUAESTIONEM
1022 111 1361 147 PHILOSOPHICAM.
1570 128 1590 158 9

73 199 109 222 ut
134 201 223 231 neque
245 191 426 230 prudenter,
448 191 559 219 honeste
584 199 619 218 ac
637 191 733 226 iuste,
755 193 826 228 quin
851 193 975 223 vivatur
1001 195 1089 224 simul
1105 195 1248 231 jucunde.
1290 199 1418 228 Virtutes
1443 201 1515 229 enim
1537 201 1586 239 J’u.

76 245 188 272 eundae
212 243 285 272 vitae
311 243 483 279 conjunctae
506 249 596 277 sunt,
617 243 803 278 jucundaque
826 243 885 271 vita
911 252 926 272 a
951 244 1112 275 virtutibus
1136 250 1259 284 separari
1283 251 1384 286 nequit
1409 252 1486 288 (1).

117 294 163 324 Ex
181 293 261 322 hisce
277 292 370 322 verbis
385 293 442 330 jam
464 293 596 322 universe
624 299 740 330 apparet
760 293 918 328 Epicurum
950 302 1054 325 arctam
1082 299 1316 334 conjunctionem
1343 301 1415 330 inter
1442 303 1583 332 Virtutem

73 351 103 374 et
123 345 298 374 Felicitatem
322 345 471 374 statuisse.
510 346 599 373 Nunc
623 344 769 380 speciatim
787 345 820 373 de
841 346 1007 375 Virtutibus
1036 350 1204 378 sententiam
1223 352 1285 387 eius
1309 360 1502 388 exponamus,
1524 362 1582 388 quo

76 396 168 434 magis
187 404 340 433 appareat,
362 397 432 432 quid
449 397 482 424 de
502 396 553 424 hac
586 396 804 432 Conjunctione
829 397 970 427 docuerit.
991 417 1028 423 -
1059 400 1280 438 Quadruplicem
1309 403 1466 441 distinguit
1498 404 1589 433 virtu-

71 454 148 484 tem,
169 448 368 484 prudentiam,
390 446 603 484 temperantiam
618 467 627 481 ,
653 446 874 484 fortitudinem,
894 449 1048 484 Justitiam.
1464 483 1468 487 ,

113 499 232 528 Initium
254 499 416 527 ducendum
447 504 490 526 est
514 507 529 526 a
550 497 725 528 Prudentia.
775 499 872 535 Hujus
904 491 969 527 cum
1001 501 1038 529 sit
1064 509 1170 531 munus
1203 504 1292 533 vitam
1327 514 1419 542 regere
1445 513 1475 535 et
1502 508 1584 544 quid-

73 551 146 587 quid
177 552 206 579 in
238 551 297 579 vita
322 551 489 586 contingere
515 556 632 585 potest,
664 552 705 578 sic
738 550 902 586 prospicere
934 556 967 578 ut
998 551 1033 579 ad
1059 552 1167 581 beatam
1196 555 1282 584 vitam
1313 556 1471 593 referatur,
1499 560 1589 589 videt-i

61 608 169 639 ‘potest
191 610 247 630 una
270 601 398 630 omnium
429 601 568 630 virtutum
598 609 716 630 munera
743 602 911 638 complecti.
951 602 1104 632 Prudentia
1131 606 1205 634 enim
1231 608 1308 643 (seu
1332 607 1405 638 forte
1431 610 1519 639 mavis
1543 619 1587 639 sa-

70 652 204 687 pientiam
230 651 347 687 dicere)
372 657 415 680 est
435 660 489 680 una
513 659 584 687 quae
605 659 664 680 non
690 652 774 680 modo
803 659 987 688 praecaveat,
1009 662 1044 682 ne
1073 655 1145 690 quid
1169 656 1276 686 incidat
1303 659 1378 687 unde
1403 668 1511 696 corpus
1536 662 1588 691 do-

58 701 128 737 ,leat
152 702 249 739 (2),
278 703 327 731 sed
352 711 426 738 quae
454 703 536 731 etiam
562 702 747 738 potissimum
782 703 952 740 moestitiam
980 707 1068 741 pellat
1092 715 1127 735 ex
1157 709 1278 746 animis,
1309 718 1381 746 quae
1409 720 1464 740 nos
1485 712 1590 741 exhor-

57 760 180 788 ,rescere
208 760 285 782 metu
305 762 364 782 non
391 754 490 794 sinat,
507 762 562 789 qua
584 755 775 791 praeceptrice
796 754 825 782 in
854 756 1062 791 tranquillitate
1086 758 1144 787 vIvi
1168 766 1264 795 potest
1281 780 1291 795 ,
1320 761 1449 791 omnium
1475 764 1589 799 cupidi-

69 809 160 832 tatum
185 805 285 833 ardore
312 806 464 834 restincto.
507 804 691 840 Cupiditates
726 806 800 834 enim
835 812 903 834 sunt
933 807 1131 838 insatiabiles:
1162 817 1234 845 quae
1257 818 1316 838 non
1341 812 1426 840 modo
1453 813 1586 849 singulos

69 854 202 884 homines
227 856 276 884 sed
302 856 449 884 universas
478 856 604 885 familias
635 863 789 892 evertunt,
822 864 911 886 totam
939 858 1022 887 etiam
1059 867 1144 896 saepe
1170 860 1342 890 labefactant
1371 863 1586 898 rempublicam.

69 906 190 942 Sapiens
215 907 297 935 solus
329 915 379 934 seu
399 908 546 943 prudens,
574 914 720 943 amputata
747 908 977 944 circumcisaque
996 911 1133 940 inanitate
1155 912 1235 940 omni
1258 918 1286 940 et
1310 913 1449 950 horrore,
1471 922 1586 944 naturae

53 958 172 996 ‚finibus
195 965 375 993 contentus,
396 959 458 986 sine
486 959 663 996 aegritudine
686 965 783 996 potest
808 966 835 987 et
863 959 925 988 sine
954 967 1031 989 metu
1057 961 1153 991 vivere
1177 963 1250 1000 (3).

104 1009 220 1047 Quodsi
246 1010 333 1038 vitam
358 1018 469 1039 omnem
499 1009 658 1045 perturbari
681 1010 811 1039 videmus
835 1017 930 1039 errore
951 1018 978 1040 et
1001 1012 1173 1048 inscientia,
1209 1015 1435 1051 sapientiamque
1450 1024 1500 1045 seu
1518 1025 1587 1053 pru·

63 1061 188 1090 dentiam
212 1069 274 1090 esse
304 1061 392 1090 solam
409 1081 420 1097 ,
450 1067 522 1097 qnae
548 1070 604 1090 nos
627 1070 642 1089 a
666 1061 817 1090 libidinum
848 1062 960 1098 impetu
992 1068 1020 1090 et
1050 1063 1237 1092 formidinum
1269 1071 1374 1094 terrore
1408 1066 1534 1095 vindicet
1557 1074 1585 1095 et

51 1111 161 1149 ,ipsius
188 1111 323 1140 fortunae
349 1112 461 1142 modice
484 1112 556 1141 ferre
578 1112 680 1142 doceat
705 1113 845 1150 injurias,
872 1120 900 1141 et
925 1121 1023 1142 omnes
1044 1121 1184 1143 monstret
1207 1115 1287 1151 vias,
1308 1124 1380 1152 quae
1405 1117 1438 1145 ad
1454 1118 1581 1153 quietem

62 1170 93 1192 et
117 1163 354 1199 tranquillitatem
379 1164 494 1194 ferunt:
517 1164 588 1201 quid
618 1171 662 1193 est
685 1173 738 1194 cur
770 1165 935 1194 dubitemus
966 1164 1059 1192 dicere
1084 1171 1111 1193 et
1136 1166 1305 1202 sapientiam
1331 1175 1381 1196 seu
1406 1169 1584 1204 prudentiam

61 1221 182 1252 propter
206 1215 383 1250 voluptatem
398 1216 604 1252 expetendam,
626 1223 653 1244 et
679 1216 875 1252 insipientiam
905 1221 1023 1252 propter
1050 1216 1197 1245 molestias
1215 1224 1278 1245 esse
1304 1217 1466 1254 fugiendam
1484 1219 1580 1256 (4)‘.²

55 1258 58 1259 ⁷
103 1267 157 1295 Vir
178 1267 302 1302 prudens
332 1266 465 1296 fortunae
495 1267 615 1305 injurias
641 1268 698 1297 nisi
723 1268 871 1305 speciatim
892 1287 904 1303 ,
934 1273 962 1295 at
987 1267 1140 1304 generatim
1167 1268 1266 1296 saltem
1299 1276 1344 1297 eas
1371 1269 1455 1297 habet
1484 1270 1585 1306 provi-

50 1326 128 1356 sas,
158 1325 251 1353 neque
278 1318 302 1345 si
328 1318 473 1353 quidpiam
500 1325 610 1355 praeter
639 1327 719 1354 spem
751 1326 918 1355 praeterque
951 1327 1085 1356 suscepta
1119 1322 1246 1350 consilia
1273 1322 1445 1359 contingat,
1476 1323 1584 1353 idcirco

51 1377 93 1408 >se
118 1369 248 1404 cruciat,
270 1369 349 1404 quod
374 1369 459 1398 novit
479 1378 539 1399 non
569 1378 633 1398 esse
658 1371 797 1399 humanae
823 1370 1012 1407 sagacitatis,
1040 1371 1192 1407 providere
1216 1378 1267 1400 aut
1289 1373 1426 1409 impedire
1449 1382 1484 1402 ne
1500 1374 1585 1409 quid-

61 1427 148 1456 quam
182 1420 295 1448 adversi
330 1420 502 1456 molestique
536 1421 655 1450 eveniat.
704 1422 767 1450 Imo
796 1421 888 1450 satius
912 1421 992 1449 ducit
1023 1422 1134 1450 ratione
1167 1422 1240 1450 bene
1262 1423 1396 1451 instituta
1421 1426 1584 1460 (quantum

52 1462 192 1500 'videlicet
218 1470 340 1498 humana
365 1471 546 1500 imbecillitas
565 1471 703 1509 patitur)
729 1471 872 1500 infelicem
901 1480 987 1507 esse,
1012 1480 1098 1507 quam
1122 1473 1194 1500 male
1217 1472 1287 1502 inita
1303 1472 1480 1502 fortunatum
1499 1474 1581 1511 (5).

57 1554 61 1557 ,
94 1521 185 1550 Nunc
205 1522 238 1550 de
259 1521 464 1559 Temperantia
483 1522 642 1551 videamus.

52 1567 60 1573 ’
97 1573 300 1610 Temperantia
331 1580 374 1601 est
402 1581 474 1609 quac
501 1575 530 1603 in
557 1575 643 1604 rebus
678 1581 729 1604 aut
755 1573 918 1609 expetendis
946 1579 996 1601 aut
1028 1571 1175 1609 fugiendis
1210 1573 1346 1602 rationem
1373 1580 1404 1602 ut
1428 1581 1581 1610 sequamur

49 1617 155 1672 {monet
183 1625 266 1662 (6).
307 1623 524 1661 Temperantiae
549 1625 639 1662 igitur
669 1634 775 1657 munus
807 1634 850 1656 cst
876 1627 1002 1656 animum
1032 1626 1194 1663 cupientem
1219 1627 1392 1664 refringere,
1427 1634 1459 1655 ut
1489 1627 1576 1656 forti-

1533 1685 1578 1708 tu-

53 1764 61 1768 ·
87 1751 157 1787 (1)
176 1752 283 1786 Epicur.
305 1754 329 1778 in
348 1754 399 1787 Ep.
418 1754 448 1780 ad
466 1754 588 1782 Menoec.
610 1763 650 1789 ap.
668 1756 746 1789 Diog.
764 1756 863 1788 Laerr„
891 1755 923 1782 X.
949 1756 975 1789 §.
994 1763 1060 1789 132,
1080 1756 1145 1788 138,
1171 1763 1230 1788 140.
1259 1757 1318 1783 Cic.
1338 1756 1393 1782 Fin.
1413 1756 1435 1782 I.
1454 1757 1494 1784 18.

91 1798 155 1833 (2)
175 1800 248 1825 Gess.
270 1799 319 1826 Ill.
345 1808 372 1832 p.
389 1808 447 1834 435.
474 1803 535 1829 Col.
558 1810 581 1828 1.

47 1872 56 1878 ,
86 1843 153 1878 (3)
173 1846 231 1871 Cic.
253 1845 308 1873 Fin.
331 1847 351 1872 1.
374 1853 413 1878 13.
450 1847 488 1873 lbi
504 1855 609 1880 quoque
627 1848 773 1881 cupidatum
796 1851 840 1876 tria
857 1855 946 1882 genera
964 1856 995 1875 ex
1012 1849 1119 1882 Epicuri
1142 1850 1263 1875 sententia
1276 1855 1459 1882 proponuntur.

89 1890 152 1925 (4)
171 1892 229 1917 Cic.
250 1891 307 1918 Fin.
334 1892 354 1919 l.
374 1900 412 1925 14.

51 1936 67 1951 .-
85 1936 148 1971 (5)
167 1938 244 1971 Epic.
260 1937 312 1971 Ep.
331 1937 359 1963 ad
379 1939 501 1966 Menoec.
519 1947 558 1974 ap.
578 1941 656 1973 Diog.
678 1941 761 1969 Laert.
785 1941 818 1969 L.
838 1942 871 1968 X.
898 1940 923 1976 §-
946 1948 1002 1976 135.
1107 1937 1172 1975 (6)
1190 1941 1248 1967 Cle.
1267 1940 1321 1966 Fin.
1344 1940 1366 1967 1.
1382 1947 1422 1972 14.
