1946 2517
313 199 639 230 COMMENTATIO
659 208 701 231 nn
722 198 1025 239 QUAESTIONEM
1046 201 1408 231 MATHEMATICAM.
1579 210 1616 241 35

105 282 212 312 tionem
238 284 482 312 transcendentem
507 283 623 320 cognita
644 289 686 312 est
707 284 790 320 (ι),
821 283 856 312 ad
882 291 1001 319 quarum
1032 284 1146 314 ultimas
1174 284 1256 313 etiam
1292 285 1414 321 pertinet
1438 291 1546 320 curva,
1578 286 1612 314 de

107 343 165 370 qua
186 344 262 365 nunc
287 336 417 373 agimus,
440 337 562 372 Cycloi's
584 337 664 373 (2).

147 386 246 416 Curva
281 387 348 415 haec
378 387 547 415 describitur
573 395 587 415 a
619 393 729 423 puncto
761 393 858 416 sumto
893 385 922 416 in
953 387 1112 424 peripheria
1140 386 1266 422 circuli,
1294 386 1347 423 qui
1372 385 1499 416 circulus
1530 395 1615 423 supra

106 436 207 466 lineam
233 438 357 473 aliquam
381 444 505 473 rectam,
526 443 660 473 tanquam
686 439 790 474 basin,
816 438 898 468 volvi
920 438 1101 474 intelligitur.
1250 474 1257 478 ι

146 489 202 518 Est
219 497 286 518 sane
306 489 432 524 Cyclois
453 489 520 526 (3)
540 489 611 518 inter
633 498 736 520 curvas
756 490 961 526 celeberrima,
981 498 1041 518 non
1067 489 1163 518 minus
1192 495 1308 525 propter
1328 489 1515 525 proprietates
1536 488 1612 518 Geo—

101 539 259 577 metricas*⁹
278 548 365 577 quam
392 539 597 576 Mechanicas,
620 549 706 576 quare
732 541 835 570 mirum
860 550 919 570 non
952 548 996 570 est
1021 541 1125 569 Seculo
1145 541 1255 576 XVll,
1277 549 1336 576 quo
1360 542 1483 577 primum
1506 541 1541 570 de
1565 541 1615 569 illa

108 599 228 628 egerunt
260 591 322 620 Viri
348 592 450 627 Docti,
482 600 598 629 magnas
629 593 664 621 de
690 600 719 622 ea
751 592 815 622 lites
840 601 867 622 et
891 591 1105 622 controversias
1137 598 1216 621 ortas
1247 600 1328 628 esse,
1359 593 1527 629 praecipuae
1547 600 1615 621 cum

106 650 174 671 ante
196 643 339 672 inventam
366 643 738 679 Analysinfsublimiorem
764 644 844 672 valde
872 643 986 673 difficile
1011 643 1101 672 fuerit
1130 644 1193 680 ejus
1218 643 1407 680 proprietates
1433 643 1616 679 investigare·

107 693 173 722 Cel.
203 693 336 723 Galilaea·
368 693 476 729 primus
507 693 583 729 fuit,
624 694 675 730 qui
701 694 871 731 Cyclo'idem
904 694 1084 724 Geometrice
1113 694 1256 723 tractavit.
1312 683 1363 722 Per
1393 694 1463 722 satis
1496 695 1613 729 longum

106 749 223 780 tempus
247 744 369 774 tentavit
397 745 459 782 eius
495 753 584 773 aream
608 744 744 782 definire;
773 744 908 781 perficere
937 754 1004 774 vero
1032 746 1106 774 illud
1142 753 1200 774 non
1229 745 1348 786 potuit,
1378 746 1427 774 sed
1453 745 1518 773 dein
1545 745 1615 773 illud

109 795 264 825 cavalario
290 795 468 832 proposuit,
491 796 540 831 qui
567 803 658 824 tamen
691 803 718 825 et
744 797 793 825 hic
819 797 975 826 subsistere
1000 797 1112 826 debuit.

144 847 267 882 Postea,
291 854 360 876 cum
383 847 450 875 haec
471 847 544 875 linea
568 847 597 875 in
618 847 713 876 Gallia
736 854 924 883 tractaretur,
955 848 996 876 ibi
1016 849 1078 885 ejus
1101 847 1285 885 Quadratum
1308 854 1415 885 reperta
1439 846 1496 877 fuit
1518 858 1533 877 a
1551 848 1615 878 Cel.

107 897 261 927 Geometra
282 897 469 928 Robervallio
490 898 582 935 (4),
611 897 654 925 uti
680 897 763 926 testis
789 905 831 927 est
857 899 893 928 P.
913 898 1088 934 Messenae,
1118 899 1168 935 qui
1193 899 1248 928 hoc
1274 900 1299 927 ei
1324 907 1527 935 proposuerat.
1567 901 1616 929 In·

105 950 186 979 venit
214 950 420 980 Roeervalltus
444 949 570 985 spatium
597 949 770 985 Cyclo'idale
798 950 917 986 triplum
946 958 1009 979 esse
1033 950 1134 978 circuli
1157 951 1354 987 generatoris,
1387 951 1520 986 quamvis
1545 952 1615 987 alii,

105 1001 203 1030 minus
226 1009 319 1037 recte,
340 1008 374 1029 ut
390 1001 522 1036 videtur,
544 1001 617 1029 hanc
634 1000 754 1037 gloriam
781 1000 951 1030 Geometrae
974 1001 1098 1037 Italico,
1124 1001 1254 1037 Galilaea·
1280 1001 1445 1037 discipulo,
1472 1003 1617 1031 Torricel-

104 1051 145 1081 lio
166 1051 314 1087 tribuant,
343 1052 392 1087 qui
424 1051 526 1080 deinde
552 1052 664 1083 demum
691 1051 746 1080 hoc
771 1051 918 1087 problema
947 1060 1004 1088 ope
1030 1052 1163 1081 Methodi
1187 1053 1401 1082 Cavalerianae
1423 1054 1512 1082 solvit
1531 1056 1614 1091 (5).

103 1102 308 1132 Robcrvallius
331 1109 424 1130 autem
454 1110 513 1131 non
545 1107 657 1130 tantum
681 1101 842 1138 simplicem
872 1102 1067 1140 Cyclo'idem‚
1102 1105 1152 1133 sed
1176 1104 1260 1134 etiam
1287 1107 1400 1134 eandem
1425 1107 1563 1141 prolatam
1589 1113 1617 1135 et

103 1159 243 1182 curtatam
265 1152 350 1189 (6),
372 1153 414 1180 uti
432 1153 561 1188 dicitur,
590 1152 707 1182 invenit.
742 1152 951 1190 sagacissimus
973 1155 1170 1192 philosophus
1192 1155 1304 1185 Pascal
1323 1165 1398 1185 anno
1425 1157 1515 1195 1658,
1542 1158 1615 1185 inter

102 1203 158 1232 alia
185 1204 258 1234 hanc
289 1211 405 1232 curvam
436 1204 613 1239 spectantia,
642 1203 806 1233 Geometris
842 1205 889 1234 sui
920 1207 1058 1242 temporis
1088 1215 1299 1243 proposuerat,
1330 1208 1458 1237 invenire
1487 1217 1616 1245 segmen-

101 1260 166 1284 tum
193 1255 265 1283 inter
291 1255 423 1283 verticem
450 1262 478 1283 et
508 1256 666 1292 parallelam
701 1256 761 1284 basi
791 1256 875 1293 (7),
912 1257 946 1285 ad
972 1265 1060 1293 quam
1085 1263 1178 1286 tamen
1208 1258 1292 1286 missa
1320 1265 1458 1294 responsa
1487 1260 1613 1294 praemio

102 1306 188 1342 digna
208 1305 335 1342 judicata
358 1314 416 1334 non
442 1313 522 1335 sunt.
571 1307 732 1336 Occasione
756 1315 824 1336 vero
855 1309 944 1346 nujus
969 1311 1131 1340 certaminis
1157 1312 1226 1341 Cel.
1256 1318 1370 1341 nostras
1400 1313 1548 1350 Hugcm'us
1572 1314 1619 1342 in-

99 1356 181 1385 venit
204 1355 411 1393 Quadraturam
432 1358 572 1394 segmenti
598 1357 729 1386 contenti
750 1358 805 1386 sub
830 1367 897 1388 arcu
915 1360 1090 1398 Cycloi'dis‚
1113 1363 1263 1398 ordinata,
1283 1369 1312 1391 et
1337 1363 1481 1393 abscissae
1505 1365 1616 1400 aequali

100 1407 119 1446 ἒ
138 1406 266 1435 diametri
289 1407 392 1436 circuli
421 1409 594 1444 generatoris
615 1408 694 1446 (8).

141 1457 197 1485 His
226 1457 390 1493 praemissis
414 1459 448 1487 de
468 1458 532 1495 ipsa
553 1458 704 1494 Cyclo'idis
727 1457 907 1495 Quadratum
934 1460 1095 1492 videamus.
1145 1463 1281 1493 Sumatur
1300 1464 1374 1501 (fig.
1397 1466 1457 1502 ¹5)
1480 1465 1615 1494 diameter

98 1508 202 1538 circuli
227 1508 402 1545 generatoris
429 1517 466 1536 =
484 1518 543 1546 2a‚
574 1508 721 1538 abscissae
746 1509 837 1538 veluti
860 1509 904 1538 ssn
924 1523 958 1539 =
979 1523 1022 1549 x,
1051 1514 1196 1544 ordinatae
1221 1515 1264 1544 uti
1286 1509 1335 1544 nG
1354 1525 1390 1545 =
1405 1524 1448 1553 y3
1476 1524 1552 1544 nunc
1580 1525 1615 1545 ex

1549 1575 1617 1603 pro-

125 1643 177 1671 (1)
200 1642 314 1670 Aequatlo
337 1644 498 1667 transcendens
519 1649 568 1670 est,
590 1643 613 1665 in
634 1649 676 1671 qua
699 1649 821 1666 occurrunt
842 1644 977 1672 quantitates
1004 1646 1210 1674 transcendentes,
1233 1646 1304 1669 velutl
1325 1648 1456 1671 functiones
1479 1649 1615 1677 circulares,

97 1684 246 1712 Logarithml.

125 1724 174 1752 (ι)
191 1725 230 1747 es.
247 1723 317 1745 Euler
337 1724 396 1747 lmr.
412 1724 436 1744 ίιι
456 1725 525 1746 Anal.
544 1724 590 1751 Ins.
615 1725 672 1752 Cap.
686 1729 711 1746 er
730 1724 803 1748 initio.

126 1765 178 1793 (2)
199 1764 259 1787 Olim
282 1765 396 1791 Trocho'is,
414 1765 542 1786 Trvchvfder
555 1766 662 1794 ‚Gallice
681 1766 785 1787 Roulme
806 1768 919 1795 appeunt·
942 1766 1004 1796 fuit,
1027 1767 1087 1791 unde
1107 1770 1148 1792 nub
1171 1770 1217 1793 hoc
1235 1770 1327 1793 nomine
1346 1777 1412 1799 saepe
1434 1773 1531 1795 occurrit
1554 1780 1575 1795 v.
1594 1780 1618 1797 c.

98 1804 121 1827 'n
138 1806 207 1829 Anat,
228 1806 265 1825 dor
282 1805 328 1833 Ius.
344 1807 415 1833 petit}
437 1806 481 1829 cel.
501 1806 631 1834 L’lso‘piml.

126 1846 177 1874 (⁴)
198 1846 251 1868 Vid.
273 1847 320 1870 ejur
344 1848 415 1874 Opem
434 1853 500 1874 supra
521 1848 582 1871 laud.
604 1855 654 1876 pag.
669 1855 711 1877 293
727 1855 749 1872 et
768 1856 818 1878 sqq·

123 1885 180 1915 (ς)
201 1885 253 1908 vid.
275 1887 356 1913 Klit'gel
374 1895 422 1908 von
446 1888 569 1909 Camleri's
588 1890 701 1914 alcmon.

121 1927 174 1955 (6)
195 1928 323 1955 Uirgereln
345 1935 373 1951 en
390 1930 520 1956 fugel-creet
544 1931 643 1958 allangle
664 1939 688 1956 et
708 1934 848 1957 raccourcx'c.

121 1968 176 1996 (7)
194 1970 264 1993 couf-
287 1969 355 1992 Wall.
376 1971 448 1997 Opera
469 1972 537 1994 Τοηι,
551 1975 567 1995 1.
593 1979 642 2001 pag.
656 1980 699 2001 ⁴92
712 1981 735 1997 et
748 1982 797 2004 sqq.

100 2029 102 2031 a
122 2009 178 2038 (1.)
199 2011 269 2033 conf.
290 2017 337 2035 ejus
359 2012 498 2039 Horologium
526 2015 710 2044 Oscislaearium,
732 2018 797 2040 Parte
810 2019 848 2041 111.
869 2020 936 2046 ΡὶὌρ.
948 2024 971 2044 7.
988 2018 1012 2038 ἰη
1032 2019 1079 2043 ejus
1100 2020 1152 2045 Opp.
1172 2017 1261 2046 vassis,
1279 2018 1348 2038 edfrix
1369 2025 1381 2038 fl
1396 2019 1427 2042 (Ἴ,
1443 2018 1459 2039 'r
1474 2020 1613 2041 Grmusmadn

98 2048 166 2072 Tou.
182 2050 200 2074 1.
220 2056 271 2078 pag.
283 2053 318 2078 98.
334 2055 358 2074 ct
379 2060 449 2080 pon-0
468 2055 496 2077 dc
517 2055 631 2082 cycloide
652 2057 767 2080 Monmcla
787 2061 853 2083 Tom.
867 2062 895 2083 11.
918 2067 967 2088 pag.
981 2067 1007 2088 53
1027 2071 1054 2078 —
1068 2066 1109 2089 5¹3,
1132 2067 1154 2082 et
1172 2061 1253 2087 mage(
1267 2059 1287 2082 in
1307 2067 1373 2084 voce.

854 2101 918 2131 122
