1946 2517
243 216 505 279 ACTA
559 239 623 270 ΕΤ
680 214 1000 276 GESTA
1057 237 1117 269 ΙΝ
1172 216 1560 276 SENATU

507 339 737 378 ACAD.
812 337 1049 378 LUGD.
1126 336 1298 376 BAT.

166 450 274 524 Die
297 491 330 513 XI
353 479 472 523 Aprilis
495 489 739 516 MDcccxxi,
763 478 908 509 recitatae
935 484 1015 511 sunt
1030 479 1064 509 in
1086 480 1201 509 Senatu
1221 477 1329 510 literae
1355 477 1402 509 ΙΙΙ,
1420 478 1633 518 Curatorum,

252 549 316 569 una
347 547 422 567 cum
447 537 581 565 Dec-reto
608 536 701 576 Regis
732 534 980 576 Angustissimi,
1006 534 1126 578 quibus
1153 534 1353 577 significatur
1383 536 1417 565 in
1438 534 1497 565 hac
1518 534 1637 565 Acade·

251 594 315 624 mia
339 592 390 624 Cl.
414 601 675 624 REINWARDT
701 602 821 622 munus
850 592 1038 624 Prot'essoris
1070 593 1148 624 Ord.
1174 595 1355 632 Botcmices,
1388 594 1550 626 Historiae
1568 596 1640 626 Na-

249 650 364 682 taralis
377 657 409 681 et
428 650 581 681 Chemiae
608 650 774 692 accepisse.

165 706 229 742 Die
244 718 310 741 xxii
340 707 553 750 Septembris,
585 708 731 737 recitatae
749 707 872 736 suntin
898 709 1015 738 Senatu
1032 708 1141 739 literae
1166 707 1215 739 Ill.
1236 708 1458 745 aratorum,
1481 710 1638 739 nuntian-

252 772 298 796 tes
318 767 451 796 Decreto
473 764 701 806 Angustissimi
723 764 817 805 Regis
831 763 1032 804 designatum
1052 765 1086 794 in
1107 763 1164 794 hac
1186 764 1355 795 Academia
1387 774 1453 795 esse
1478 763 1638 795 Professo-

249 831 317 851 rem
345 822 428 850 Juris
455 819 677 856 ordinarium,
715 819 828 849 Virum
856 821 1107 859 Docfissimum,
1145 832 1403 856 CORNELIUM
1439 831 1636 864 JOANNEM

249 887 297 909 νΑ
311 887 335 908 Ν
358 887 375 906 A
388 886 482 908 ssEN
495 898 505 913 ‚
537 876 622 906 Juris
647 876 818 918 Utriusque
839 878 1018 908 Doctorem.

163 933 227 969 Die
248 944 325 967 xxix
344 932 514 975 Ejusdem,
539 933 598 964 Vir
623 932 671 965 cl.
695 944 725 965 c.
751 944 774 974 J.
798 944 881 966 νΑΝ
906 944 1029 966 Assem
1058 934 1142 964 Juris
1161 933 1300 965 docendi
1323 945 1443 965 munus
1466 934 1526 966 sibi
1549 945 1638 966 com·

252 992 387 1022 missum
405 990 584 1032 auspicatus
605 996 671 1027 est,
697 989 805 1021 habita
822 991 991 1030 Oratione,
1013 993 1064 1022 De
1087 990 1194 1023 studio
1215 992 1299 1022 luris
1321 992 1462 1024 Romani
1486 991 1549 1023 hoc
1569 992 1639 1033 ipso

248 1054 390 1090 tempore
404 1046 569 1089 diligenter
591 1046 720 1079 tuendo.

161 1103 222 1145 Die
243 1114 299 1136 Xix
314 1102 520 1140 Decembris,
546 1114 648 1144 quum
677 1114 717 1134 ex
744 1103 856 1134 Edicto
879 1105 998 1146 Regio,
1020 1105 1052 1137 d.
1070 1115 1100 1137 11
1119 1107 1199 1146 Aug.
1221 1116 1425 1137 moccexv
1446 1104 1638 1137 nominandi

250 1164 356 1190 essent
379 1165 518 1200 quatuor
534 1157 729 1189 Professores
746 1159 763 1189 e
789 1159 923 1190 diversis
943 1159 1177 1197 Facultatibus,
1201 1167 1331 1202 excepta
1351 1160 1508 1192 Facultate
1530 1161 1635 1193 Theo·

250 1217 371 1259 logica,
392 1225 431 1245 ex
453 1215 572 1257 quibus
591 1215 824 1257 Augustissimo
846 1215 923 1256 Regi
947 1215 1061 1246 oblatis
1081 1226 1184 1246 unum
1206 1216 1278 1258 Ipse
1297 1216 1427 1259 eligeret
1456 1218 1496 1248 ad
1527 1221 1638 1250 Recto.

170 1287 176 1294 -
215 1267 217 1270 ¹
251 1279 358 1304 ratum
380 1273 459 1303 anni
485 1271 667 1303 Academici
692 1272 839 1314 proxime
860 1273 1076 1315 insequentis,
1110 1273 1186 1305 huic
1210 1273 1340 1316 negotio
1358 1276 1494 1306 Senatus
1516 1276 1641 1310 vacavit

249 1337 282 1362 et
302 1329 558 1361 nominationem
573 1341 631 1373 per
649 1329 755 1361 literas
772 1329 812 1361 ad
833 1333 949 1372 Regem
969 1332 1157 1362 transmisit.

293 1386 460 1418 Nominati
479 1397 578 1429 porro
605 1393 681 1418 sunt
705 1387 731 1420 ὲ,
751 1387 885 1420 diversis
914 1387 1024 1419 itidem
1053 1387 1290 1430 Facultatihus,
1313 1389 1368 1420 sed
1391 1396 1520 1433 excepta
1548 1402 1639 1423 nune

249 1443 409 1476 Fecultate
432 1443 580 1483 Medica,
599 1443 813 1480 Professores,
836 1455 875 1476 ex
901 1444 1021 1488 quibus
1045 1455 1130 1476 unus
1148 1444 1263 1477 deinde
1285 1446 1476 1489 eligeretur,
1502 1448 1558 1490 qui
1579 1459 1635 1478 eo-

202 1503 206 1507 '
226 1500 227 1503 ’
250 1501 323 1532 dem
347 1511 433 1531 anno
449 1503 578 1531 Senatui
598 1498 679 1531 foret
697 1499 736 1531 ab
756 1501 853 1532 Actis.

162 1558 224 1602 pie
247 1570 257 1590 1
271 1557 434 1589 Februarii
465 1567 729 1596 MDcccxxu,
753 1560 900 1590 recitatae
920 1564 996 1589 sunt
1017 1558 1051 1590 in
1073 1560 1192 1591 Senatu
1212 1559 1319 1592 literae
1344 1559 1393 1593 ΙΙΙ,
1418 1560 1634 1599 curatorum,

186 1616 191 1622 '
251 1616 437 1646 nuntiantes
479 1617 617 1645 Decreto
657 1615 889 1658 Angustissimi
932 1617 1028 1658 Regis
1062 1618 1276 1648 constitutum
1319 1628 1387 1648 esse
1421 1616 1470 1648 Cl.
1502 1628 1527 1659 J.
1551 1628 1634 1651 VAN

221 1668 223 1671 ’
250 1681 432 1710 voonsT,
456 1671 598 1702 Primum
632 1671 913 1704 Bibliothecarium
932 1683 1072 1712 eumque
1095 1685 1228 1713 mqfflere
1248 1675 1492 1705 Concionatoris
1512 1674 1632 1705 Acade-

251 1730 326 1760 mici
354 1734 560 1762 excusatum,
601 1735 696 1766 utque
727 1730 761 1754 iu
792 1731 861 1767 ejus
891 1727 997 1762 locum
1025 1729 1236 1758 constitutum
1268 1738 1335 1758 esse
1365 1729 1634 1762 concionatorem

250 1783 475 1817 Academicum
498 1781 546 1813 Cl.
570 1787 592 1822 J.
615 1791 646 1813 ιι.
672 1791 746 1813 vAN
770 1791 848 1814 Di-:R
870 1793 999 1821 PALM,
1025 1794 1107 1825 quos
1122 1795 1225 1817 novos
1244 1784 1383 1816 honores
1406 1785 1534 1828 utrique
1554 1788 1637 1818 Viro

250 1842 299 1873 ΕΙ.
316 1843 428 1871 [tector
443 1845 474 1869 et
492 1840 627 1869 Senatus
646 1838 788 1880 impense
811 1840 960 1882 gratulati
974 1847 1061 1873 sunt.
1243 1831 1249 1835 ,

161 1899 223 1933 ‘Dic
246 1908 280 1930 ιν
310 1894 478 1937 Ejusdem,
502 1895 647 1927 recitatae
673 1902 748 1927 sunt
776 1896 810 1927 in
841 1898 958 1928 Senatu
988 1896 1096 1929 literae
1126 1896 1175 1930 Ill.
1199 1899 1413 1936 curatorum,
1446 1900 1632 1931 nuntiantes

254 1956 386 1986 Lucre-to
411 1952 681 1995 Angustissimum
707 1954 826 1996 Regem
854 1955 979 1996 rogatui
1006 1954 1052 1988 cl.
1084 1966 1109 1987 ε.
1130 1965 1155 1998 J·
1187 1966 1265 1989 VAN
1291 1966 1340 1988 nr:
1364 1965 1627 1993 wvnriznssm

1598 2018 1639 2044 uk
