1946 2517
447 181 764 218 COMMENTATIO
785 194 820 215 m
839 180 1140 224 QUAESTIONEM
1163 185 1372 220 MEDICAM.
1615 193 1661 225 ,χοι

1621 230 1636 245 .,

158 272 220 301 mas
237 262 321 300 refert
337 270 578 306 observationeS,
599 278 614 299 a
630 269 716 299 variis
736 269 904 298 auctoribus
929 269 962 297 de
985 269 1043 298 hoc
1071 270 1173 299 morbo
1201 269 1351 300 institutas
1365 291 1375 306 ,
1397 270 1517 307 illasque
1533 270 1564 300 in
1583 271 1660 301 ordi-

157 330 208 353 nes
228 322 356 359 redegit·,
377 329 404 350 et
426 321 454 351 in
477 322 513 350 iis
529 321 694 358 praesertim
719 321 856 356 casibuS,
878 328 954 357 quos
974 320 1003 349 in
1022 322 1115 350 classe
1140 328 1241 357 quarta
1264 327 1421 357 memorat,
1443 322 1493 350 ubi
1514 309 1587 351 inter
1608 322 1663 352 alia

152 373 397 403 conformationis
413 374 509 403 cordis
524 374 596 403 vitia
614 373 743 402 foramen
761 373 862 408 ovale,
882 380 940 401 non
957 373 1108 408 clausum,
1128 373 1263 409 princeps
1287 372 1390 402 vitium
1415 373 1591 408 constituit,
1611 373 1660 402 he-

150 426 204 461 'par
220 426 368 465 volumine
381 432 496 454 auctum
516 431 700 454 memoratur.
745 424 792 453 Sic
808 433 927 462 quoque
939 426 1106 455 observavit
1126 427 1220 455 Seiler
1236 427 1266 455 in
1289 427 1422 456 cadavere
1439 427 1494 456 viri
1509 436 1546 463 29
1564 435 1656 456 anno-

151 485 215 505 rum
234 477 264 506 in
283 478 368 514 cujus
383 478 470 506 corde
486 476 614 506 foramen
632 477 715 506 ovale
730 476 858 514 apertum
873 483 954 512 erat,-
970 478 1077 506 duetus
1093 478 1249 507 arteriosus
1267 478 1400 515 patebat,
1421 485 1449 508 et
1463 479 1578 507 arteriae
1595 479 1662 515 pul-

153 529 277 557 monalis
303 529 478 565 principium
505 528 684 557 ossificatum
709 535 737 557 et
760 536 968 566 perangustum
994 536 1072 566 erar,
1093 530 1183 566 hepar
1198 530 1373 567 maximum,
1397 537 1424 559 et
1443 532 1546 560 durum
1570 532 1652 569 (a).

152 579 241 610 Testa
265 576 352 610 refert
375 589 472 609 casum
503 580 632 609 mulieris
653 588 690 617 37
712 589 870 617 annorum,
899 589 934 610 ex
955 581 1040 618 quus
1061 581 1206 611 cadaveris
1231 583 1358 612 sectione
1375 583 1509 619 patebat,
1532 582 1661 612 foramen

154 632 238 661 ovale
262 641 324 661 esse
345 639 492 668 apertum,
514 632 681 668 pulmones·
696 633 808 669 pleuris
835 633 1003 668 adhaerere,
1031 638 1058 661 et
1079 633 1223 662 thoracem
1246 634 1323 662 male
1343 642 1404 662 esse
1429 633 1656 666 conformatum.

151 682 250 719 Hepar
263 690 323 711 erat
338 688 545 719 permagnum,
567 684 638 712 lobo
659 684 757 714 dextro
773 685 901 714 aliformi
917 683 991 713 infra
1009 691 1106 713 costas
1123 685 1237 721 spurias
1254 693 1316 714 sese
1328 685 1499 714 estendente
1520 686 1595 723 (b).
1656 675 1663 680 ν

191 735 267 772 Spry
289 735 319 762 in
337 735 432 771 puelia
451 743 485 771 17
502 742 642 763 annorum
665 736 850 772 observavit,
872 736 1002 765 foramen
1028 738 1109 765 ovale
1131 744 1258 773 apertum
1285 736 1396 765 ambitu
1423 737 1546 765 duorum
1560 737 1663 772 -polli-

153 792 242 820 cum;
265 785 353 821 hepar
368 791 461 814 autem
479 787 673 822 magnitudine
690 788 868 817 memorabili
888 794 976 817 totam
1000 788 1136 824 implebat
1159 789 1301 824 regionem
1327 787 1548 824 epigastricam:
1571 793 1599 815 et
1617 787 1661 815 sic

154 836 252 872 plures
267 837 337 865 aliae
354 844 520 865 enarrantur
536 837 775 875 observationes,
797 848 918 875 quarum
943 841 1095 878 pluri-mae«
1111 840 1181 869 mihi
1206 840 1328 876 probare
1348 839 1500 874 videntur,
1521 838 1600 875 quod
1616 846 1660 867 sa-

150 889 192 917 tis
212 889 377 925 regulariter
397 889 426 918 in
446 889 525 917 hisce
546 889 751 919 affectionibus
773 891 861 927 hepar
881 893 1029 922 volumine
1049 899 1195 929 augeatur.

189 942 220 977 §.
242 949 273 977 5.
316 940 423 969 Verum
442 947 533 984 tamen
550 947 615 976 est,
636 942 717 977 quod
737 942 823 971 inuiti
838 949 970 982 auctores
988 944 1022 972 de
1043 944 1098 972 hoc
1119 944 1307 985 incrementat
1317 942 1391 972 nihil
1417 946 1662 976 commemorent,

151 991 203 1020 sed
217 992 301 1020 multi
317 991 427 1020 viscera
442 982 568 1020 thoracis
586 998 697 1020 tantum
715 994 932 1030 examinarunt,
953 994 1023 1023 etin
1038 993 1084 1021 his
1099 994 1182 1021 etiam
1202 987 1398 1030 reperiuntur,
1420 983 1474 1028 qa'i
1492 993 1525 1021 de
1541 991 1660 1028 insigni-

151 1047 194 1071 ter
206 1043 329 1076 adaucto
345 1044 448 1078 thymo
468 1043 639 1071 mentionem
655 1043 779 1079 faciant;
801 1045 844 1074 sic
863 1045 936 1073 inter
957 1045 1030 1074 alios
1045 1045 1096 1073 Cl.
1120 1043 1160 1073 E.
1186 1044 1342 1079 Samlt'fort
1366 1045 1395 1072 in
1413 1043 1478 1073 055.
1500 1053 1551 1071 an.
1571 1043 1656 1080 path·

150 1101 309 1122 accuratam
325 1093 553 1122 observationem
575 1095 724 1123 memorati
743 1095 839 1124 cordis
856 1095 920 1124 vitii
936 1095 1033 1125 refert.
1075 1095 1123 1124 Cl.
1147 1102 1248 1124 auctor
1268 1095 1379 1124 viscera
1400 1094 1526 1122 thoracis
1547 1099 1657 1122 tantum

151 1146 273 1174 examini
290 1145 436 1181 subJech,
457 1152 485 1173 et
501 1145 632 1180 invenit,
653 1146 729 1174 inter
745 1145 820 1182 alia,
842 1146 984 1183 principia
1000 1154 1135 1176 venarum
1155 1146 1366 1175 subclaviarum
1382 1154 1396 1174 a
1414 1145 1548 1182 glandula
1559 1144 1659 1180 thymo

150 1203 213 1225 esse
237 1203 320 1225 tecta.
361 1187 525 1225 Dolendum
550 1196 620 1225 mihi
648 1197 764 1225 videtur
785 1197 865 1232 quod
892 1198 942 1227 Cl.
963 1198 1010 1226 vir
1034 1198 1144 1227 viscera
1168 1197 1360 1227 abdominalia
1380 1204 1439 1225 non
1464 1195 1658 1231 examinavit3

148 1247 300 1284 probabile
314 1248 388 1278 enirn
404 1249 518 1278 videtur
533 1249 622 1284 hepar·
644 1248 675 1277 in
696 1247 750 1277 hoc
768 1254 881 1284 puero4
901 1249 953 1286 qui
968 1258 1018 1287 per
1041 1259 1073 1286 13
1092 1257 1182 1279 annos
1198 1248 1383 1278 miserrimam
1408 1247 1484 1284 degit
1502 1245 1611 1282 vitam,
1633 1246 1661 1274 si

152 1301 224 1336 quid
239 1301 269 1330 in
283 1300 421 1337 impedita
436 1301 608 1337 pulmonum
629 1300 784 1330 functione
809 1299 916 1329 efficere
943 1302 1056 1338 valeat,
1077 1301 1108 1330 in
1129 1301 1185 1330 hoc
1206 1300 1340 1337 subjecto
1365 1299 1531 1336 praesertim
1550 1297 1662 1333 aliquid

147 1353 313 1382 contulisse
327 1353 362 1381 ad
376 1354 464 1382 vitam
483 1351 700 1388 protrahendam
711 1372 721 1387 ,
742 1360 794 1380 nec
811 1360 872 1380 non
892 1353 1063 1382 leniendam.

188 1405 215 1437 s.
237 1406 266 1428 o.
307 1404 414 1429 Nonne
430 1411 498 1438 ergo
513 1411 547 1431 ex
563 1403 700 1430 omnibus
719 1402 799 1431 hisce
819 1394 911 1430 allatis
931 1411 1057 1436 sequens
1074 1401 1259 1428 corollarium
1278 1402 1430 1434 petendum
1447 1400 1532 1428 foret.

187 1452 221 1481 In
239 1450 273 1479 iis
288 1449 399 1478 morbis
419 1449 449 1477 in
465 1447 573 1484 quibus
590 1456 640 1484 per
664 1448 783 1485 longum
814 1450 955 1486 temporis
979 1451 1105 1487 spatium
1130 1450 1283 1485 pulmones
1307 1457 1386 1477 suam
1413 1449 1594 1478 functionem
1613 1450 1667 1482 rite

149 1510 282 1540 peragere
303 1509 365 1531 non
394 1505 541 1537 possunt,
562 1499 652 1535 hepar
673 1499 830 1529 increscere
853 1501 1044 1537 observatur,
1065 1507 1093 1530 et
1119 1500 1232 1536 quidem
1258 1501 1335 1529 hunc
1353 1500 1384 1529 in
1405 1500 1489 1529 finem
1508 1507 1540 1529 ut
1561 1500 1663 1537 majori

150 1554 192 1583 ita
209 1554 284 1582 dicta
300 1551 594 1589 dephlogisticatione
610 1551 778 1587 sanguinis,
799 1552 988 1588 pulmonibus
1010 1553 1041 1581 in
1057 1560 1107 1581 sua
1125 1552 1261 1588 impedita
1274 1552 1427 1580 functione
1447 1551 1620 1581 succurrat?

189 1605 256 1634 Hoc
278 1613 345 1641 ergo
367 1609 521 1640 respectu,
543 1603 572 1631 in
592 1602 714 1638 adulto,
736 1603 823 1639 hepar
839 1603 940 1639 pulmo
960 1604 1148 1633 secundarius
1169 1602 1225 1632 dici
1246 1610 1356 1640 potest.

189 1657 220 1693 3.
244 1665 273 1692 7.
313 1656 523 1684 lucrementum
543 1653 701 1683 voluminis
719 1654 832 1690 hepatis
845 1674 857 1689 ,
887 1656 966 1691 quod
986 1656 1014 1684 in
1033 1654 1135 1684 morbo
1154 1654 1287 1684 coeruleo
1316 1653 1505 1690 observatur,
1533 1653 1600 1684 oriri
1618 1654 1661 1683 vi-

150 1709 254 1743 detur,
275 1707 426 1736 maximam
444 1711 551 1742 partem
565 1725 576 1740 ‚
598 1714 630 1733 ex
650 1706 880 1735 accumulatione
891 1707 1040 1745 sanguinis
1052 1727 1064 1742 ‚
1085 1706 1136 1742 qui
1154 1714 1203 1744 per
1223 1705 1379 1734 continuas
1397 1713 1424 1734 et
1441 1705 1553 1740 quidem
1569 1704 1658 1733 celer-

150 1759 237 1788 rimas
253 1757 350 1786 cordis
370 1757 548 1794 pulsationes
569 1765 669 1794 magna
686 1758 770 1794 copia
786 1758 958 1795 adducitur,
981 1759 1030 1787 sed
1048 1758 1078 1787 iu
1097 1758 1191 1786 eadem
1208 1756 1397 1793 proportione
1414 1765 1474 1786 non
1490 1755 1657 1792 reducitur,

149 1819 214 1840 cum
237 1809 390 1845 respiratio
411 1808 440 1838 in
460 1808 516 1837 hoc
539 1810 641 1838 morbo
663 1809 735 1837 male
755 1808 979 1846 imperfecteque
1000 1810 1130 1847 procedit
1151 1809 1233 1847 (c).

189 1863 218 1900 s.
241 1861 270 1891 8.
310 1859 383 1889 Tale
409 1860 520 1897 hepatis
549 1860 707 1890 voluminis
734 1867 918 1897 augmentum
945 1869 978 1891 ex
1009 1860 1156 1898 sauguinis
1182 1859 1415 1890 accumulatione
1438 1858 1520 1888 etiam
1540 1857 1568 1886 in
1591 1855 1657 1885 aliis

1588 1915 1668 1936 mox*

176 1991 228 2020 (ι)
248 1991 284 2014 ef.
300 1990 420 2018 Duyfkcl.
438 1990 498 2012 Diu.
516 1998 539 2018 p.
555 1997 591 2017 ⁴¹·
792 1991 844 2020 (h)
859 1990 895 2014 Cf.
912 1992 1028 2020 Dujskts,
1045 1991 1108 2015 Diu,
1123 1998 1146 2019 p.
1164 1991 1204 2018 48,

174 2034 226 2063 (ε)
248 2034 286 2057 Cf.
300 2034 408 2061 Kyaysig,
422 2033 523 2057 Kraukh,
540 2033 562 2057 d,
579 2034 695 2061 Heraens,
716 2033 743 2057 Τ,
756 2040 777 2058 2.
791 2040 814 2062 p.
834 2035 887 2056 260.
