1946 2517
251 163 563 197 COMMENTATIO
592 174 635 196 AD
664 163 969 203 QUAESTIONEM
998 165 1342 201 PHILOSOPHICAM.
1507 178 1543 210 «9

1506 193 1520 211 0

76 250 117 280 Et
140 250 196 279 hoc
221 256 402 286 praeceptum
427 249 451 278 si
474 250 508 278 ad
528 249 644 278 verbum
669 249 838 277 sumendum
868 256 929 285 est,
951 249 1160 286 falsissimum,
1182 252 1207 280 si
1231 261 1300 281 vero
1322 253 1541 289 explicationem

38 303 171 332 audimus
191 308 218 330 et
239 302 406 337 sequimur,
430 302 472 330 nil
494 302 563 330 novi
587 301 736 335 continet,
757 300 816 329 nisi
840 301 991 329 verborum
1014 303 1211 332 mutationem.
1246 304 1403 333 Hominum
1427 306 1473 334 vel
1493 314 1542 341 ap·

41 353 259 390 probationem,
286 354 331 382 vel
358 353 597 389 vituperationem
625 353 738 388 sapiens
758 360 794 380 ne
818 352 934 381 minime
959 353 1072 388 quidem
1093 362 1190 383 curare
1214 355 1296 383 debet
1315 355 1392 392 (1).
1440 355 1488 384 bic
1511 364 1542 385 se

30 405 160 442 'gerentis
185 404 324 441 sapientis
348 404 496 432 beatitudo
518 403 591 432 nihil
613 403 706 432 differt
734 412 749 432 a
770 403 865 431 divina
887 404 971 440 (2).
1020 404 1267 442 Quemadmodum
1297 414 1331 435 ex
1360 407 1474 435 duobus
1501 416 1543 436 sa-

35 456 209 492 pientibus,
231 455 282 490 qui
307 455 402 484 senior
430 455 574 490 decessit,
603 463 662 489 non
690 460 733 483 est
758 454 869 483 beatior
901 462 935 483 eo
950 475 960 489 ‚
991 456 1076 492 qu'us
1103 456 1176 485 intra
1198 466 1307 493 paucos
1332 465 1423 486 annos
1448 459 1546 487 termi-

34 514 101 536 nata
127 507 219 534 virtus
244 513 309 536 est:
339 506 387 534 Sic
410 506 491 534 Deus
513 514 572 534 non
595 505 686 534 vincit
716 505 853 534 felicitate
883 506 1061 543 sapientem,
1092 508 1204 537 etiamsi
1231 509 1328 538 vincat
1349 516 1438 537 aetate
1459 509 1540 546 (3),

36 557 91 586 Est
110 558 219 594 aliquid
230 566 288 594 quo
306 557 420 594 sapiens
442 556 595 586 antecedat
612 556 727 593 Deum,
748 557 795 586 iile
810 565 926 587 naturae
941 557 1080 587 beneficio
1091 578 1102 594 ‚
1122 567 1181 589 non
1199 567 1254 589 suo
1271 561 1385 597 sapiens
1400 567 1444 590 est
1465 561 1543 598 (4).

291 847 612 881 CAPUT
720 823 1292 887 SECUNDUM.

141 962 482 985 onsntth'rtonns
512 963 554 983 IN
582 962 781 985 DOGMATA
817 964 995 986 ZENONIS
1028 964 1078 986 nn
1109 965 1444 996 CONJUNCTIONEj

389 1014 524 1037 1NT2R
553 1015 779 1036 vm‘ru'rnM
808 1014 860 1037 ΕΤ
889 1008 1192 1045 ΡΕ,ιιοἰΤΑΤΕΜ.

27 1111 231 1177 Antequam
262 1141 478 1178 progrediamur
504 1141 535 1169 in
563 1148 690 1171 veterum
716 1141 945 1179 systematibus‚
975 1141 1106 1170 universe
1131 1140 1267 1178 quaedam
1297 1140 1473 1172 observanda
1499 1143 1543 1172 vi-

31 1194 135 1223 dentur
161 1201 220 1228 quo
246 1191 368 1228 Epicuri
395 1192 581 1229 Zenonisque
609 1193 755 1222 doctrinae
774 1192 889 1222 facilius
915 1193 1134 1229 dignoscantur.

67 1243 216 1279 Epicurus
241 1249 269 1271 et
292 1243 372 1272 Zeno
408 1250 529 1279 uterque
556 1243 820 1273 animadvertebant
847 1243 995 1273 felicitatis
1018 1243 1189 1273 desiderium
1216 1250 1243 1272 et
1270 1244 1398 1273 Virtutis
1419 1253 1542 1275 amorem

29 1295 179 1324 hominum
207 1294 318 1323 animos
343 1302 490 1330 nunquam
518 1294 690 1331 relinquere.
732 1296 790 1325 Sed
822 1296 970 1332 Epicurus
997 1295 1139 1332 imprimis
1168 1296 1201 1325 ad
1223 1295 1388 1324 felicitatem
1417 1298 1546 1325 attende-

28 1346 101 1387 bat,
129 1353 213 1381 quam
251 1353 349 1373 omnes
380 1345 561 1374 vehementer
594 1346 780 1383 desiderant3
809 1346 891 1375 Zeno
920 1347 955 1375 ad
983 1345 1150 1381 Virtutem,
1186 1347 1272 1383 qu'us
1299 1347 1471 1375 auctoritate
1505 1355 1547 1377 at-

30 1405 88 1434 que
115 1395 255 1432 dignitate
288 1402 486 1424 commovetur
516 1396 626 1426 homo:
659 1397 757 1433 itaque
792 1392 830 1426 in'
856 1396 912 1425 hoc
946 1396 1045 1425 saltem
1073 1395 1130 1423 sibi
1158 1395 1279 1423 invicem
1317 1397 1544 1432 conveniebant,

33 1447 114 1484 quod
140 1446 267 1474 Virtutis
301 1452 328 1474 et
354 1446 513 1475 Felicitatis
548 1447 724 1477 dominantia
746 1454 772 1476 et
803 1447 991 1483 praevalentia
1025 1445 1151 1475 hominis
1184 1445 1320 1474 desideria
1350 1454 1413 1474 esse
1441 1446 1546 1475 intelli·

34 1491 149 1536 gebant.
181 1512 219 1521 —
253 1495 361 1525 Tamen
389 1497 423 1526 ad
448 1497 591 1535 humanas·
612 1507 655 1527 res
678 1499 857 1528 attendentes
881 1505 1036 1534 agnoscere
1059 1497 1218 1526 debuerunt
1246 1496 1410 1532 hominem,
1433 1498 1545 1529 etiamsi

32 1541 165 1577 virtutem
190 1555 347 1585 sequatur,
380 1557 464 1585 saepe
486 1549 627 1579 infelicem
655 1558 729 1580 esse.
770 1550 851 1587 Quid
876 1549 965 1586 igitur
989 1548 1162 1585 Epicurus?
1203 1547 1311 1577 videns
1340 1549 1455 1579 virtutis
1481 1557 1543 1580 stu-

33 1594 111 1632 dium
138 1608 198 1630 non
223 1608 334 1636 semper
363 1599 531 1629 felicitatem
556 1602 706 1639 praebere,
735 1601 767 1631 in
800 1602 888 1640 hujus
919 1600 1010 1629 studii
1038 1600 1135 1629 locum
1163 1598 1313 1629 felicitatis
1342 1608 1438 1630 curam
1475 1603 1544 1630 sub-

33 1650 37 1655 '
1505 1653 1548 1682 di-

28 1757 80 1775 non
97 1750 224 1782 ignoscit.
253 1749 331 1783 Quasi
351 1757 413 1775 vero
429 1750 502 1776 nobis
517 1758 568 1776 non
581 1751 654 1776 liceat
670 1757 727 1776 cum
742 1751 822 1783 vulgo
833 1767 842 1781 ‚
859 1748 979 1782 loquendi
997 1748 1118 1777 domino,
1135 1749 1259 1779 ignoscere
1275 1754 1385 1779 vocare,
1403 1747 1472 1780 quod
1480 1752 1546 1780 par.

27 1805 81 1823 cere
98 1797 133 1823 illi
153 1803 255 1823 vocant.
290 1796 418 1822 NimIrum
435 1804 459 1823 et
476 1798 517 1823 hic
543 1804 567 1823 et
587 1798 644 1823 alibi
659 1803 687 1822 ut
703 1798 812 1828 Cicero,
834 1797 944 1822 Galenus
962 1801 1038 1828 atque
1058 1794 1099 1819 alii
1116 1800 1247 1826 notarunt,
1266 1800 1352 1826 magna
1370 1801 1426 1827 pars
1442 1793 1543 1821 Stoico·

28 1850 80 1869 rum
98 1843 299 1875 disputationum
317 1844 383 1869 circa
399 1850 478 1870 voces
497 1843 682 1871 consumitur.”
1545 1834 1547 1841 ¹

0 1928 1 1936 ἵ
39 1922 43 1936 ¹
60 1891 99 1926 (1
115 1894 128 1925 )
148 1891 252 1918 Marcus
269 1893 368 1919 Anton.
387 1893 437 1919 Ill.
454 1899 480 1924 9.
507 1891 554 1918 lv.
575 1901 607 1918 20
626 1899 650 1917 et
669 1898 712 1918 21.
737 1891 784 1918 VI.
805 1892 847 1920 16.
869 1889 948 1916 vm.
965 1896 1008 1916 22.
1035 1887 1082 1915 IX.
1103 1894 1127 1916 ι.

0 1944 1 1957 ¹
61 1937 127 1970 (2)
147 1938 269 1964 stobaeus
291 1947 319 1971 p.
338 1939 395 1965 118.
435 1937 582 1964 Plutarchus
605 1939 622 1964 l.
641 1945 665 1964 c.
692 1945 716 1964 c.
732 1945 775 1970 39.

61 1983 124 2018 (3)
142 1985 236 2011 seneca
255 1985 307 2018 Ep.
321 1991 364 2018 7³·
551 1983 615 2017 (4)
634 1984 728 2010 Seneca
746 1984 796 2017 Ep.
813 1990 857 2018 53.
