1946 2517
690 156 1072 188 ORATIO.
1470 166 1608 189 -21

145 251 329 284 incredibile
351 251 492 285 studium
520 250 634 281 veteris
658 249 754 281 Urbis
786 250 927 292 vestigiis
959 249 1146 286 insistendi,
1180 257 1210 281 et
1236 252 1268 281 in
1297 251 1373 294 ipsis
1398 250 1517 281 Romae
1538 253 1606 282 rui·

144 310 196 340 nis
221 309 386 351 pristinam
417 307 588 352 quaerendi
612 314 765 337 terrarum
794 305 980 344 dominam,
1011 308 1152 337 Deorum
1173 307 1299 349 templis
1327 313 1358 337 et
1386 307 1497 337 statuis
1528 318 1610 337 con-

146 366 298 408 spicuam.
356 365 462 406 Quam
492 364 691 395 oblectantur
722 362 829 400 oculi,
859 374 955 406 quam
981 363 1162 407 percellitur
1190 374 1297 401 mens,
1337 374 1433 406 quam
1467 374 1611 394 commo-

144 428 237 453 vetur
271 422 397 452 animus
422 420 585 452 intuendis
606 419 691 450 hisce
719 419 867 461 antiquae
891 420 966 450 artis
992 419 1168 451 miraculis!

189 478 254 518 Qui
284 477 421 509 tenebris
452 475 625 507 obvolutus
646 486 880 518 oppressusque
903 477 938 506 in
970 482 1095 518 pectore
1124 478 1265 517 jacuerat
1293 477 1387 508 vivus
1419 475 1472 508 ille
1499 482 1531 508 et
1557 487 1610 508 su·

148 532 256 564 blimis
277 533 377 576 pulcri
395 544 506 564 sensus
518 556 527 571 ,
546 533 598 563 hic
616 533 678 574 jam
704 533 737 563 in
763 532 865 563 lucem
884 531 1017 563 mirifice
1034 532 1160 576 prodit,
1182 539 1213 563 et
1233 532 1409 575 explicatur
1424 539 1455 564 et
1471 532 1611 575 illustra-

148 597 198 621 tur
217 597 246 621 et
268 591 300 621 in
323 600 434 621 omnes
449 600 480 620 se
508 596 611 632 partes
625 588 779 626 effundit,
806 600 862 620 nec
878 588 984 619 divelli
1007 599 1039 619 se
1055 589 1173 632 patitur
1189 588 1229 619 ab
1245 588 1304 619 hac
1322 589 1465 620 iocorum
1492 591 1609 621 sancti·

145 651 226 684 tate,
251 647 305 677 ubi
325 646 573 678 efflorescentem
590 652 620 677 et
638 652 800 689 tamquam
815 645 955 676 divinam
974 656 1083 675 auram
1101 647 1274 688 spirantem
1298 649 1431 677 senserit
1454 647 1608 678 Veterum

141 701 264 745 ingenii
282 710 477 735 venustatem
495 709 525 733 et
540 702 769 735 exceltentiam.
817 705 854 733 In
871 702 954 733 hanc
973 709 1079 732 autem
1100 701 1238 739 ltaliam,
1265 712 1361 744 qnam
1379 702 1486 745 pulcri
1503 713 1611 733 amore

143 759 268 789 excitati
298 760 549 803 peregrinatores
573 767 755 803 quaerunt,
778 760 812 789 in
838 759 921 790 hauc
946 759 1043 800 igitur
1067 758 1187 788 Italiam
1208 764 1239 788 et
1258 759 1369 797 nobis,
1394 760 1449 800 qui
1471 758 1611 799 justitiae

141 821 173 844 et
198 815 386 858 prudentiae
413 820 519 850 studio
542 821 710 855 ducimur,
737 816 814 847 ve!is
838 816 938 858 passis
969 817 1028 845 iter
1057 813 1254 844 tendendum
1276 821 1333 846 est.
1379 815 1480 856 Cujus
1507 816 1611 846 consi·

144 870 176 901 lii
207 877 237 902 et
265 872 496 907 exhortationis
521 875 698 918 intelligitis
725 883 807 916 quae
831 873 878 902 vis
909 871 973 902 sit?
1022 872 1204 907 Nimirum,
1235 870 1372 901 adeundi
1398 878 1474 902 sunt
1501 873 1615 912 nobie,

145 928 172 959 si
200 929 329 972 quidem
354 934 473 975 patriae
497 945 563 965 non
587 934 694 964 minus
714 940 810 974 quam
831 926 1101 971 jurisprudentiae
1133 928 1283 969 antiquae
1314 926 1439 958 laudem
1470 930 1551 960 tueri
1581 936 1613 961 et:

147 985 307 1017 virdicare
333 988 498 1028 volumus,
524 989 662 1021 adeundi
687 994 762 1019 sunt
782 985 876 1017 nobis
893 983 997 1015 fontes
1023 984 1069 1015 itti
1089 983 1241 1014 uberrimi
1262 994 1296 1014 ac
1323 995 1493 1026 perenneS‚
1527 986 1613 1018 uncle

146 1053 243 1074 omne
279 1044 427 1087 pulcrum
459 1054 490 1078 et
518 1047 711 1082 honestum,
745 1042 833 1086 qnod
873 1040 1000 1072 mortali
1037 1042 1156 1083 pectori
1186 1039 1343 1071 divinitus
1377 1041 1516 1073 inditum
1550 1050 1614 1081 est,

145 1105 306 1142 tamquam
331 1100 466 1133 fecunda
497 1103 604 1145 pluvia
628 1112 715 1144 seges
740 1100 905 1141 irrigetur,
932 1096 1097 1131 foveatur,
1121 1095 1234 1127 alatur.
1288 1097 1483 1139 Excipienda
1513 1109 1530 1129 a
1559 1100 1616 1129 Ju-

146 1158 337 1189 reconsultis
355 1181 363 1195 ‚
392 1159 528 1190 civitatis
548 1162 709 1190 Romanae
729 1154 883 1191 oraculis,
910 1154 982 1184 viva
1007 1162 1069 1183 vox
1090 1152 1169 1192 juris
1194 1158 1225 1182 et
1244 1152 1402 1193 justitiae,
1426 1155 1479 1185 cui
1500 1166 1615 1187 omnes

147 1215 200 1255 pie
223 1220 393 1258 sancteque
418 1204 675 1258 obtemperemus
697 1219 729 1244 et
753 1222 850 1255 quam
872 1209 1018 1251 extingui
1044 1218 1222 1250 numquam
1254 1209 1422 1251 patiamur.
1479 1212 1615 1254 Capsen-

145 1268 185 1300 da
209 1270 284 1301 inde
308 1278 471 1314 praecepta
494 1279 525 1303 et
549 1270 702 1308 consilia,
726 1268 845 1312 quibus
875 1268 908 1298 in
934 1264 1070 1309 publicis
1090 1264 1284 1307 privatisque
1310 1266 1446 1307 negotiis
1466 1268 1612 1299 animum

145 1332 177 1356 et
201 1334 340 1358 mentem
360 1327 618 1360 conformemus.
663 1324 853 1358 Proferenda
880 1330 911 1355 et
935 1324 970 1353 in
998 1320 1081 1352 ctara
1116 1320 1186 1352 luce
1204 1345 1211 1359 ‚
1235 1324 1360 1364 egregia
1389 1322 1486 1354 veluti
1511 1325 1621 1366 pictu-

146 1393 202 1419 ra,
239 1384 386 1427 ponenda
422 1396 623 1416 summorum
657 1384 788 1414 iliorum
823 1382 968 1412 virorum
998 1378 1162 1421 exempla,
1194 1388 1276 1421 quae
1304 1378 1449 1420 quotidie
1472 1387 1616 1412 contem·

146 1439 294 1483 plemur,
316 1448 348 1472 et
371 1442 404 1473 in
427 1443 492 1473 vita
515 1442 601 1475 civili
624 1437 794 1482 diiigenter
817 1438 991 1468 imitemur.
1044 1432 1049 1475 ¹-

194 1497 233 1528 In
257 1498 320 1540 qua
346 1499 502 1530 sententia
527 1500 554 1531 si
575 1502 756 1530 constanter
780 1502 1024 1537 permanemus,
1047 1502 1115 1522 non
1140 1490 1237 1522 dubia
1268 1502 1319 1524 me
1351 1503 1421 1535 spes
1446 1498 1546 1534 tenet,
1569 1502 1614 1527 ta-

150 1553 195 1585 les
214 1564 273 1585 nos
294 1556 384 1586 omni
408 1561 550 1598 tempore
574 1565 666 1598 posse
687 1552 818 1595 reperiri
843 1552 945 1588 cives,
970 1547 1079 1591 quales
1105 1548 1219 1589 magna
1246 1559 1281 1580 ac
1308 1550 1396 1592 gravi
1416 1551 1515 1593 patria
1536 1563 1615 1584 voce

149 1612 306 1654 requinst,
331 1611 387 1654 qui
406 1622 463 1642 sua
480 1613 541 1655 ipsi
566 1611 720 1654 dignitate
744 1615 774 1640 et
796 1610 981 1639 auctoritate
1008 1605 1127 1636 levium
1155 1604 1327 1637 homiuum
1346 1607 1379 1637 in
1404 1617 1504 1639 novas
1521 1619 1616 1651 quas·

151 1678 214 1710 que
245 1678 294 1698 res
326 1669 518 1699 irruentium
553 1669 760 1700 temeritatem
796 1665 1034 1708 opprimamus,
1057 1667 1221 1703 acceptum
1253 1672 1270 1692 a
1298 1661 1474 1703 Majoribus
1513 1666 1615 1697 avitae

152 1724 270 1765 gloriae
296 1735 379 1754 onus
402 1723 525 1755 fortiter
549 1726 782 1760 sustineamus,
805 1729 987 1763 magnoque
1016 1716 1097 1748 fflUd
1124 1716 1256 1748 cumulo
1291 1724 1421 1750 auctum
1443 1720 1618 1764 amplifica·

153 1788 285 1824 tumque
302 1783 437 1826 posteris
459 1782 631 1814 tradamus.

199 1882 348 1921 Habetis,
372 1887 558 1922 Curatores,
575 1883 644 1915 viri
662 1879 878 1925 Amplissimi!
904 1879 930 1910 si
960 1879 1070 1910 minus
1089 1885 1238 1914 omnem3
1261 1875 1294 1908 id
1317 1874 1405 1918 quod
1421 1886 1487 1907 non
1507 1875 1619 1908 sinunt

155 1942 307 1984 temporis
322 1943 503 1984 angustiae3
520 1950 678 1971 summam
698 1946 780 1970 certe
797 1937 970 1968 sententiae
981 1944 1067 1964 meae
1084 1933 1123 1965 de
1142 1932 1277 1964 utilitate
1293 1943 1329 1963 ac
1347 1933 1529 1964 necessitate
1545 1933 1614 1974 ejus

153 1998 360 2043 discipliuae,
384 1997 476 2040 cujus
501 1997 669 2040 diligenter
696 1996 831 2027 tuendae
854 1990 1052 2038 provinciam
1073 1990 1137 2022 vos
1161 1989 1240 2021 mihi
1263 1989 1456 2021 decrevistis.
1504 1987 1619 2031 Quod·

906 2053 932 2083 C
956 2049 975 2080 3
1593 2045 1621 2075 si
