1946 2517
428 162 745 194 COMMENTATIO
765 171 800 193 IN
820 163 1124 202 QUAESTIONEM
1146 167 1358 201 MEDICAM.
1611 182 1644 204 ιι

142 243 214 273 ferre
229 243 363 280 videtur,
383 246 640 282 quemadmodum,
663 246 711 274 ille
726 245 752 274 si
772 254 882 275 vacuus
908 254 972 284 est,
993 248 1080 285 hepar
1097 251 1134 279 ob
1153 251 1300 288 ligamenti
1323 253 1504 289 suspensorii
1528 255 1643 284 ductili-

139 302 246 330 tatem,
266 296 433 325 descendere
446 297 542 333 valet3
564 306 622 326 non
637 303 730 325 tamen
747 297 815 326 adeo
834 305 933 333 magna
949 298 1036 335 hujus
1052 301 1198 337 ligamenti
1215 303 1363 332 ductilitas
1382 311 1444 340 est,
1467 315 1639 341 quamquam

142 347 276 376 Wnslow
293 349 402 384 aliique
419 357 478 377 non
503 349 585 377 veriti
603 355 692 384 sunt,
714 349 788 377 inter
803 356 905 376 causas
932 349 1015 377 famis
1040 351 1168 386 proferre
1186 354 1362 388 pressionem
1389 355 1499 392 hepatis
1519 357 1641 393 superfi-

136 399 190 427 ciei
219 399 364 428 inferioris
392 400 421 428 in
443 400 584 436 collapsis
606 399 763 442 ventriculi
787 401 943 436 parietibus
965 402 1044 438 (a).
1086 404 1161 433 Huic
1191 411 1283 434 tamen
1308 407 1440 442 opinioni
1460 408 1569 437 Portal
1590 409 1641 437 ali·

136 457 273 485 quantum
290 450 384 479 favere
401 451 536 486 videtur,
555 450 673 478 dicens:
694 458 753 478 non
770 457 861 478 tamen
882 452 1042 487 negandum
1063 460 1128 490 est,
1150 456 1230 490 quod
1253 450 1324 486 le'vis
1346 458 1514 488 observatur
1537 461 1640 490 tractio

134 500 164 529 in
181 501 295 537 regione
312 502 502 538 epigastrica‚
525 509 619 530 vacuo
635 502 818 536 ventriculo,
841 510 929 537 quae,
950 504 976 531 si
995 504 1132 540 impletur
1152 508 1341 544 stomachus,
1363 518 1429 538 mox
1447 518 1541 540 cessat
1561 512 1637 549 (b).

134 551 250 580 Damas
273 560 341 581 vero
359 553 467 580 hancce
482 552 675 589 conjecturam
691 552 735 580 vel
752 551 946 580 mechanicam
963 555 1184 590 explicationem
1212 558 1286 587 inter
1312 560 1428 589 miseras
1452 562 1537 591 refert
1556 564 1638 601 (c),

133 609 176 638 et,
201 609 309 638 praeter
326 603 420 638 ipsius
439 603 523 631 allata
541 609 706 639 argumenta
732 603 896 633 observatio
921 609 1281 647 anatomico-pathologica
1305 612 1422 649 insuper
1451 616 1573 650 probare
1595 616 1641 645 vi-

132 654 236 688 detur,
257 653 367 689 hepatis
384 655 559 690 pressionem
578 656 609 684 in
627 656 781 684 ventriculi
800 656 983 693 parietibus,
1004 659 1132 688 dolorem
1161 662 1301 699 excitare3
1324 671 1353 693 et
1373 673 1440 693 cum
1467 673 1569 694 sensus
1596 666 1642 695 in-

129 711 227 740 gratus
246 703 350 739 famis,
373 706 459 741 longe
475 706 570 735 differt
587 716 602 735 a
624 708 806 743 sensatione,
828 718 914 745 quam
932 711 1059 740 dolorem
1079 721 1233 751 vocamus,
1254 717 1316 753 ejus
1341 718 1416 746 actio
1442 718 1472 747 in
1495 720 1642 748 ventricu-

131 753 192 781 lum
211 753 267 782 hoc
284 762 416 791 respectu
435 757 516 785 nulla
534 757 659 787 videtur.
699 759 749 788 Sic
772 759 933 791 observavit
955 763 1065 792 Portal
1085 763 1116 792 in
1137 766 1232 801 puella
1244 786 1254 802 ‚
1275 776 1348 804 quae
1367 769 1418 797 dtu
1438 770 1471 798 de
1486 770 1637 799 doloribus

133 804 164 833 in
185 805 302 841 regione
322 806 577 842 hypochondriaca
594 809 711 838 sinistra
736 812 865 846 quaesita
889 813 969 849 fuit,
990 821 1017 843 et
1040 816 1154 845 tandem
1180 819 1314 848 emaciata
1336 821 1408 849 diem
1440 822 1515 851 obiit
1539 830 1639 858 supre-

130 863 229 890 mum,
252 856 339 893 hepar
371 865 506 894 magnum
526 868 649 896 sanum,
669 862 866 897 ponderosum
878 885 890 900 ‚
919 867 1112 898 ventriculum
1129 871 1345 908 comprimen53
1365 873 1553 901 ventriculum
1572 882 1640 902 vero

130 915 164 935 ut
183 914 210 935 ct
229 907 338 943 reliqua
356 909 464 938 viscera
484 911 643 939 secuudum
661 920 811 950 naturam,
841 923 869 945 et
886 925 955 947 sana
976 919 1053 956 (d).
1096 921 1222 950 Platner
1239 923 1324 959 (ε),
1355 923 1514 954 Winslowii
1530 932 1643 954 senten-

127 958 196 987 tiam
209 979 220 995 ,
243 960 323 996 quod
343 959 430 996 hepar
445 968 460 988 a
476 961 638 991 visceribus
667 964 887 1002 subjacentibus
909 975 1088 1000 sustentatur
1109 972 1194 1009 (f),
1215 973 1393 1010 ingeniosam
1418 975 1507 1010 dicit,
1528 983 1556 1005 et
1575 978 1640 1006 vult

125 1009 205 1039 iilius
223 1010 356 1046 opinioni
381 1019 441 1040 non
466 1020 565 1048 parum
588 1012 684 1043 favere
709 1016 937 1048 observationem
963 1029 979 1049 a
1000 1020 1088 1050 Gunz
1114 1021 1241 1061 factam3
1277 1025 1326 1052 cui
1353 1025 1466 1056 scilicet
1490 1026 1639 1055 observare

126 1061 212 1090 licuit
227 1061 313 1097 hepar
329 1062 360 1090 in
376 1062 457 1091 foetu
476 1070 592 1092 mortuo
608 1072 676 1094 nato
691 1067 847 1103 ligamento
861 1069 920 1099 lato
938 1071 1108 1102 destitutum
1120 1093 1131 1108 ,
1154 1074 1255 1103 viscus
1272 1074 1367 1111 ipsum
1379 1083 1438 1104 non
1455 1077 1612 1105 detractum
1623 1097 1635 1112 ,

127 1113 178 1141 sed
196 1112 363 1141 naturaliter
382 1114 509 1143 locatum
531 1115 619 1153 (gl—3
643 1125 715 1153 quae
731 1118 897 1151 observatio
914 1128 1007 1152 tamen
1030 1124 1117 1153 nobis
1143 1134 1244 1162 parum
1266 1126 1388 1162 probare
1412 1128 1541 1163 videtur,
1563 1128 1633 1156 dum

128 1163 259 1198 quaestio
276 1170 420 1200 remanet,
442 1173 477 1193 an
494 1165 566 1193 idem
588 1165 770 1197 observatum
785 1169 909 1208 fuisset,
930 1173 955 1201 si
973 1174 1070 1204 infans
1086 1184 1138 1212 per
1152 1177 1266 1214 aliquot
1283 1185 1399 1214 tempus
1417 1179 1638 1214 supervixisset.

124 1202 128 1207 ”
166 1213 328 1243 Memorata
349 1223 415 1243 cum
434 1216 469 1244 iis
495 1224 567 1252 quae
584 1216 612 1246 in
634 1218 735 1255 hepate
753 1220 851 1251 foetus
880 1224 1070 1254 observantur
1095 1228 1165 1258 satis
1190 1229 1388 1265 conveniunt,
1418 1230 1454 1259 iis
1483 1232 1633 1267 exceptis,

125 1274 198 1301 quae
215 1266 401 1303 ligamentum
419 1274 491 1297 teres
510 1275 666 1307 spectant,
687 1272 767 1307 quod
784 1273 814 1302 in
835 1274 918 1305 foetu
933 1284 1004 1308 vena
1021 1278 1140 1310 exsistit
1155 1280 1350 1319 umbilicalis‚
1370 1281 1404 1310 de
1426 1290 1482 1318 qua
1499 1290 1554 1312 suo
1568 1284 1634 1312 loeo

122 1317 248 1353 amplius
269 1317 422 1346 dicendum
444 1325 500 1347 est.

151 1404 205 1432 (οἱ
224 1405 262 1428 Cf.
286 1404 407 1433 Wmhw,
429 1406 487 1433 Exp,
502 1406 574 1431 Anat.
594 1408 621 1430 T.
637 1414 660 1435 4.
681 1416 705 1437 p,
719 1414 755 1437 73,
776 1413 795 1438 ς,
810 1416 861 1440 2⁶9·

149 1445 204 1473 (h)
225 1445 264 1467 Cf.
287 1445 385 1472 Pntal,
401 1446 472 1468 Anae.
490 1447 551 1469 Med.
573 1449 601 1471 Τ.
617 1454 637 1475 5,
662 1457 684 1476 p,
700 1457 751 1479 272·

150 1487 198 1515 (c)
223 1487 259 1507 tf(
284 1487 383 1514 Damas,
404 1488 457 1508 Lib.
473 1488 520 1510 Cit-
543 1491 572 1512 T.
585 1498 608 1516 4.
632 1497 655 1518 p.
672 1497 697 1518 53
714 1499 736 1514 ez
751 1493 788 1519 65,
805 1501 839 1522 sq,

149 1527 198 1555 (d)
222 1528 258 1551 es,
277 1527 378 1554 Vcignl,
394 1527 473 1548 llaudh
497 1529 536 1549 der
553 1531 622 1554 ΡαΙΙι.
636 1533 682 1554 An.
706 1535 750 1556 Th,
766 1540 787 1560 3,
811 1543 834 1564 p·
851 1541 886 1563 ¹5·
1026 1564 1028 1566 Ι

151 1570 198 1596 (ι)
222 1568 260 1590 Cf.
277 1568 384 1594 Psatner,
400 1570 498 1590 Bricven
515 1578 565 1591 over
581 1572 618 1593 hee
635 1574 736 1600 Mensch,
752 1577 831 1604 Ligrlz,
847 1580 880 1602 br,
892 1584 929 1607 5¹·
951 1587 975 1608 p,
989 1580 1045 1604 225

149 1611 198 1639 (s)
221 1612 257 1633 cr.
276 1610 398 1638 ''7¹¹³'ku
412 1611 463 1634 1-1'11·
480 1612 526 1634 δί’·
542 1614 571 1637 Τ.
584 1620 606 1640 4·
630 1622 652 1643 p.
667 1621 701 1641 7³.
720 1617 740 1641 s.
757 1619 807 1641 εσυ.

150 1654 202 1681 (g)
225 1652 263 1674 Cf.
276 1652 301 1677 J.
319 1653 348 1673 t‘.
364 1651 496 1680 Saudifort,
514 1655 617 1677 carenni.
634 1656 700 1679 Verh.
714 1658 754 1679 der
768 1660 855 1684 Zmed,
868 1662 940 1686 Acad'
962 1663 992 1686 D·
1008 1664 1026 1688 1·
1046 1670 1070 1692 Ρ,
1085 1667 1137 1690 350,

893 2053 917 2082 Β
937 2060 956 2083 2
1496 2056 1630 2087 CAPUT
