1946 2517
417 145 733 178 COMMENTATIO
754 154 789 175 m
810 144 1109 185 QUAESTIONEM
1129 144 1337 179 MEDICAM.
1611 152 1650 188 63

136 234 195 264 culi
212 227 288 262 futei
305 231 438 268 plerique
454 232 592 261 flammam
620 229 807 266 concipiant,
827 235 913 266 atque
936 229 1112 266 deflagrem,
1143 231 1193 259 sed
1216 230 1322 261 rectius
1350 237 1519 268 repetuntur
1547 233 1616 262 haec
1638 242 1654 262 a

134 291 235 315 aratura
250 284 317 312 bilis
336 283 466 312 resinosa
487 283 565 320 (a).

145 349 148 353 >
174 337 204 372 §.
225 343 276 371 45.
316 335 384 363 Post
406 340 585 363 memoratam
619 333 813 369 operationem
840 337 963 361 remanet
983 333 1013 362 in
1031 332 1184 362 crucibulo
1205 333 1292 362 carbo
1312 339 1393 369 ater,
1416 333 1595 370 spe-ligimus
1619 341 1647 363 et

135 386 365 417 combustibilis.
409 385 505 414 Carbo
530 393 580 422 per
609 385 721 420 aliquot
745 390 859 420 tempus
886 383 941 412 aeri
964 385 1194 420 atinosphaerico
1226 385 1378 421 expositus
1406 385 1644 414 efflorescentium

133 437 300 467 carbonatis
329 438 416 466 sodae
440 436 534 466 offert.
575 436 735 471 Praeterea,
765 444 821 472 ope
839 443 927 470 aquae
951 434 1089 471 frigidae,
1119 443 1265 471 separatur
1295 436 1400 465 murias
1429 436 1534 472 sodae,
1553 436 1648 472 phos.

132 490 207 527 phas
226 495 258 517 er:
270 490 410 518 carbonas
443 488 551 522 sodae,
570 488 720 524 phosphas
741 487 828 515 calcis
844 495 895 515 nec
912 494 970 515 non
991 486 1146 522 aliquando
1170 488 1290 523 vestigia
1309 487 1374 516 ferri
1396 488 1476 525 (b).

174 542 202 577 S.
223 540 272 578 46.
316 540 497 578 Quamquam
518 547 572 567 von
591 539 737 567 Bochaute
756 545 966 574 putrescentem
987 538 1054 566 bilis
1082 539 1285 575 proprietatem
1313 547 1412 575 negare
1439 539 1582 574 tentavit,
1603 546 1655 569 ta-⁴

135 599 202 621 men
225 599 290 620 curn
310 592 471 621 Bocrhavio
489 591 610 626 aliisque
637 590 829 626 putrescentia
855 589 909 617 bili
934 597 994 617 non
1018 590 1182 626 deneganda
1205 591 1339 620 videtur:
1362 593 1521 621 secundum
1549 592 1649 621 Fran·
1668 582 1669 585 Ἰ

135 643 191 672 ken
209 642 309 671 nullus
328 642 435 670 humor
453 641 547 670 nostri
569 641 722 678 corporis,
745 648 801 669 tam
829 649 909 676 acer,
940 646 996 669 tam
1013 640 1153 670 citissime
1175 649 1345 678 putrescens
1366 651 1448 678 quam
1473 642 1562 678 bilis;
1585 643 1655 671 inde

134 699 230 729 partes
251 692 388 722 animales
403 694 437 722 ab
456 694 504 721 illa
520 693 625 721 tinctae
645 693 705 722 cito
720 693 756 721 ad
775 693 952 728 putredinem
973 692 1171 729 disponuntur
1183 714 1193 729 ‚
1214 695 1288 722 unde
1306 695 1533 723 anatomicorum
1559 703 1622 723 mos
1634 714 1647 730 ‚

135 743 164 772 in
183 743 360 772 dissecandis
388 743 575 772 cadaveribus
603 750 740 772 contenta
765 744 957 773 abdominalia
980 744 1107 773 omnium
1132 745 1227 781 primo
1245 744 1424 775 examinandi
1447 746 1535 782 (c),
1557 753 1584 774 et
1604 754 1653 774 se·

133 795 259 823 cundum
286 795 429 832 Sprengel
453 801 500 825 sat
522 796 583 825 cito
612 795 697 825 etiam
724 796 850 834 incipit,
882 797 959 826 lente
987 805 1054 827 vero
1091 797 1272 834 progreditur
1299 798 1393 827 eadem
1422 798 1525 827 haecce
1546 804 1648 835 putre-

132 854 254 875 scentia.

171 899 202 934 §.
221 906 272 935 47.
317 896 388 925 Bilis
408 906 498 934 aquae
519 898 638 934 infusa,
659 898 781 927 fundum
801 900 897 935 petit,
917 907 984 928 cum
1003 900 1051 929 ilia
1073 900 1176 936 agitata
1204 901 1362 935 miscetur,
1384 908 1486 935 aquarn
1505 908 1519 929 e
1536 900 1645 929 bruneo

135 949 236 978 flavam
255 949 391 987 tingens,
414 951 494 986 quod
513 957 604 978 tamen
622 959 674 985 pro
693 951 812 979 diversis
839 951 1056 980 conditionibus
1082 951 1182 980 variat.
1225 951 1314 986 Bilis,
1341 959 1414 986 aqua
1432 951 1524 979 diluta
1539 958 1566 980 et
1584 951 1645 986 igni

134 1000 266 1036 exposita
280 1020 291 1036 ‚
312 1008 371 1029 non
388 1002 569 1037 coagulatur.
612 1000 705 1036 Bilis,
726 1010 799 1037 aqua
818 1003 930 1038 diluta,
949 1010 1049 1031 omnes
1068 1002 1149 1030 offert
1168 1003 1249 1031 dotes
1265 1003 1400 1032 alcalinae
1419 1009 1555 1037 naturae3
1580 1003 1645 1031 iicet

133 1052 303 1087 Βοενήανε,
326 1051 453 1086 Hauc-r,
476 1053 624 1080 sslarlzerr
645 1053 716 1080 hanc
731 1053 798 1080 bilis
818 1046 985 1088 qualitatem
1001 1053 1177 1089 denegarint.
1211 1045 1328 1088 'Syropo
1351 1047 1489 1081 violarum
1508 1053 1648 1088 viridem,

91 1125 94 1128 »
133 1103 260 1132 tinctura
285 1110 436 1131 curcumae
456 1104 580 1131 colorem
610 1103 764 1132 violaceum
794 1104 920 1140 impertit
939 1110 1003 1133 cet:
1027 1105 1105 1133 acida
1123 1104 1208 1133 bilem
1227 1105 1442 1140 decomponunt
1459 1111 1486 1133 et
1503 1103 1646 1134 materiem

131 1154 322 1190 praecipitant
338 1154 446 1182 coloris
459 1174 469 1189 ,
490 1163 542 1190 pro
562 1154 643 1183 vario
662 1154 790 1183 adhibito
807 1156 888 1183 acido
909 1155 997 1191 magis
1014 1156 1058 1184 vei
1077 1156 1173 1184 minus
1196 1155 1308 1185 viridis.

170 1205 302 1241 Liquore
320 1204 449 1240 filtrato,
472 1205 501 1234 in
517 1206 614 1234 charta
631 1213 754 1234 remanet
778 1206 905 1234 materies
931 1207 1063 1235 animalis
1087 1213 1204 1235 naturae
1230 1205 1428 1236 albuminosae
1449 1206 1527 1244 (e).
1565 1206 1642 1235 Eva·

130 1264 235 1294 potato
255 1257 340 1286 flocci
357 1257 561 1293 deponuntur,
585 1258 613 1286 in
633 1258 718 1295 igne,
743 1258 786 1286 uti
808 1258 935 1293 resinae,
957 1259 1030 1287 laete
1052 1259 1191 1288 ardentes.

170 1310 199 1345 §.
221 1310 270 1347 48.
311 1307 454 1337 Resinosa
473 1309 586 1338 materia
604 1310 675 1338 inter
691 1309 831 1346 principia
858 1309 943 1337 bilem
967 1309 1115 1338 efficientia
1141 1318 1156 1337 a
1182 1307 1323 1337 Thenard
1345 1307 1467 1343 aliisque
1498 1313 1645 1335 enumera-

131 1365 201 1397 tur3
224 1362 309 1398 cujus
328 1367 421 1389 tamen
440 1361 566 1389 materiei
583 1361 740 1397 praesentia
758 1370 773 1390 a
793 1360 926 1389 Berzelio
943 1360 972 1388 in
1002 1360 1122 1388 dubium
1142 1366 1285 1395 vocatur,
1306 1367 1369 1387 nam
1399 1359 1556 1387 secundum
1576 1367 1646 1388 ana·

131 1411 210 1448 lysin
228 1413 262 1439 ab
286 1413 352 1446 ipso
373 1412 533 1440 institutam
547 1432 559 1446 ‚
579 1412 689 1441 invenit
705 1421 764 1441 non
784 1413 842 1441 nist
867 1421 989 1447 aquam,
1011 1412 1153 1440 materiem
1183 1412 1351 1446 propriam,
1374 1412 1515 1438 materiem
1543 1418 1644 1439 muco-

132 1470 193 1492 satn
212 1468 240 1490 et
261 1462 360 1492 alcalia
373 1482 384 1498 ,
405 1471 456 1492 nec
473 1471 532 1492 non
550 1463 640 1498 salia,
660 1469 688 1491 et
709 1463 778 1492 dicit
794 1464 890 1493 nisum
910 1470 1020 1492 tantum
1039 1463 1136 1490 adesse
1161 1462 1191 1490 in
1219 1466 1350 1498 stagnata
1377 1460 1434 1488 bile.
1462 1461 1497 1489 ad
1520 1453 1641 1489 resinam

133 1513 362 1549 conficiendam,
383 1514 564 1550 resinamque
581 1520 613 1543 ut
631 1515 807 1550 productum
827 1523 859 1543 ex
877 1523 1015 1551 processu
1031 1514 1162 1544 chemico
1175 1534 1186 1549 ‚
1206 1522 1265 1542 non
1290 1520 1322 1542 ut
1345 1513 1480 1542 eductum
1510 1513 1643 1541 conside·

133 1572 188 1594 rat.
230 1565 305 1594 Idem
326 1565 478 1594 Berzclius
494 1566 703 1596 albuminosam
724 1574 851 1595 naturam
876 1567 942 1596 bilis
966 1567 993 1595 in
1019 1566 1139 1595 dubium
1166 1566 1275 1601 trahit,
1296 1572 1323 1594 et
1350 1565 1439 1594 credit
1468 1564 1599 1593 albumen
1625 1571 1643 1592 a

131 1616 225 1646 Gallis
254 1617 420 1653 praesertim
442 1617 580 1646 chemicis
605 1618 679 1646 inter
707 1618 777 1647 b111s
801 1619 943 1656 principia
966 1619 1105 1653 relatum,
1127 1626 1185 1647 non
1217 1626 1280 1646 esse
1301 1617 1358 1646 nisi
1383 1616 1585 1646 mlicositatem
1611 1614 1641 1643 in

132 1668 245 1705 cystide
263 1668 459 1698 inveniendam
483 1668 568 1706 (d).

1593 1716 1645 1746 Ai-

161 1783 210 1813 (c)
235 1785 272 1808 Cf,
290 1786 399 1808 Blummb.
417 1785 473 1808 Inst.
490 1785 554 1811 Phys,
568 1787 587 1811 ς.
601 1786 650 1813 385,

160 1827 212 1854 (b)
233 1828 270 1850 Cf.
288 1827 416 1854 Retribuat,
436 1827 531 1848 brimeu
559 1832 610 1848 orer
635 1826 662 1847 de
681 1827 769 1852 Scheik.
795 1828 825 1852 D.
845 1834 866 1852 α,
886 1835 909 1857 p.
928 1835 976 1852 κιο,
1004 1829 1041 1852 cf,
1058 1828 1162 1857 bartels,
1182 1828 1245 1854 Phys.
1263 1826 1282 1852 S.
1295 1832 1342 1855 περ,
1381 1825 1420 1848 Cf.
1443 1825 1558 1852 Walilicr,
1580 1824 1647 1850 pays..

130 1869 157 1891 B.
173 1874 190 1890 ι.
214 1875 235 1895 p.
252 1873 295 1891 ²²².
322 1869 342 1895 §-
357 1868 392 1890 88.

161 1911 209 1937 (c)
231 1910 268 1932 cf,
286 1909 402 1936 Frankm,
419 1908 478 1930 Di'u.
494 1916 517 1936 p.
534 1915 567 1936 27·

156 1950 209 1978 (l)
231 1951 269 1972 Cf.
290 1950 419 1976 Κνίιιέιοηι,
434 1950 485 1972 Lib.
502 1950 548 1971 ΟΠ,
571 1951 600 1973 D.
615 1957 636 1972 ἱ·
659 1958 682 1978 β.
696 1956 748 1978 211,

161 1992 208 2015 (e)
231 1991 268 2014 cf.
283 1990 401 2012 Berzetim
411 2005 419 2019 5
436 1991 567 2012 Uelzerhlr'clr
583 1991 648 2012 nuber
663 1991 685 2016 d.
699 1993 922 2021 Zusammonzersunt
940 1993 979 2014 der
994 1993 1138 2015 ΤΙιίηῖιτΙιυι
1156 1992 1254 2020 fllim'gk
1274 1998 1299 2020 p.
1310 1995 1408 2017 41-45
1425 1995 1447 2012 et
1458 1994 1564 2016 49-51·
