1946 2517
309 166 345 216 1'2
740 164 1340 216 trtssos'scHA,

307 277 386 319 quid
422 276 527 307 valent
551 281 714 318 praecepta
743 277 775 305 in
807 286 858 311 re,
890 285 970 316 quae
997 274 1105 316 perfici
1135 274 1275 316 nequit?
1319 275 1525 315 Comparate,
1556 284 1691 315 quaeso,
1723 284 1781 305 vos

307 331 447 372 brunes,
486 333 542 375 qui
575 342 699 363 meeum
726 342 832 362 rernm
864 331 1083 362 conditionem
1115 330 1308 372 persnectam
1334 329 1475 368 habetis,
1509 336 1690 371 comparate
1714 341 1780 361 ma.

296 392 425 423 inmzm
467 391 608 420 tironum
648 394 769 429 partem
791 412 800 426 ,
846 388 903 429 qui
937 387 976 417 ad
1014 386 1197 417 discendam
1233 385 1434 426 Chirurgiam
1476 384 1628 415 accedere>
1657 383 1781 424 solent,

305 458 481 488 corumque
523 449 769 488 praeparatorios
806 445 1030 486 cognitiones,
1070 452 1144 472 cum
1180 442 1240 478 iis,
1285 451 1367 483 quae
1407 440 1615 471 academicae·
1648 440 1781 482 leges··a

307 503 494 545 (Lh‘rurgiae
529 504 664 532 Doctore
702 500 893 543 postulant3
937 507 967 529 et
1002 509 1127 529 mecum
1165 508 1278 528 omnes
1314 498 1540 534 consentietis,
1578 496 1648 527 fieri
1677 497 1782 528 adhue

306 550 494 601 neutiquam
530 569 642 601 posse,
681 564 717 588 ut
750 568 806 599 per
837 567 942 587 veram
978 555 1193 587 eruditionem
1227 561 1280 585 aut
1307 554 1516 585 academicam
1545 553 1780 584 institutionem

308 616 487 647 formentur
512 615 682 656 Chirurgi,
715 620 745 644 et
769 612 819 644 vel
844 613 975 643 minime
1001 611 1076 641 tales
1092 635 1099 648 ‚
1132 614 1187 654 qui
1214 613 1281 643 ruri
1306 620 1403 643 artem
1427 611 1540 643 facturi
1564 621 1649 644 suut.

352 677 440 712 Quae
471 671 600 714 quidem
628 671 672 701 ita
700 681 786 706 esse,
821 670 941 713 optime
968 668 1130 710 perspexit
1162 679 1292 710 qnoque
1315 671 1380 699 Rex
1410 669 1687 711 Angustissimus,
1719 667 1781 710 quia

309 729 461 760 ominbus
494 729 552 765 iis,
575 727 631 770 qui
667 727 842 757 medicinae
873 724 1010 767 aliquam
1043 731 1164 767 partem
1191 731 1345 763 tractant,
1380 726 1517 768 egregiis
1543 725 1678 756 decretis
1704 728 1782 755 s'uos

307 789 424 829 cuique
462 786 598 823 limites,
641 784 726 827 leges
760 795 796 815 ac
827 785 898 825 jura
932 781 1124 824 praefinivit.
1188 782 1282 813 Hisce
1315 782 1400 813 enirn
1429 781 1554 823 legibus
1580 782 1643 811 tria'
1664 780 1785 811 consti:-

308 850 445 873 tuuntur
483 842 715 883 Chirurgorum
749 850 873 882 genera.
928 839 1009 869 Nam
1046 845 1170 880 praeter
1203 849 1258 869 eos
1289 841 1368 882 qui,
1399 838 1579 870 academica
1610 839 1660 869 usi
1689 838 1781 868 insti·

308 901 454 936 tutione,
500 901 642 930 Doctort's
675 897 808 942 gradum
846 896 930 927 nacti
968 902 1042 926 sunt
1066 919 1075 934 ‚
1114 895 1153 925 ad
1188 902 1286 925 artem
1327 894 1535 926 exercendam
1569 894 1783 924 admittuntur

306 967 437 999 quoque
460 955 650 998 Chirurgiae
678 955 836 996 Magistri,
869 952 988 996 quibus
1009 963 1125 995 nempe
1151 952 1340 984 Academica
1368 954 1528 983 institutio
1551 953 1662 982 minus
1685 949 1782 982 fuerit

307 1022 471 1053 congrua,
507 1017 575 1041 tum
613 1010 656 1042 ob
685 1010 785 1053 ipsius
812 1009 1021 1040 institutionis
1050 1015 1216 1046 naturam,
1255 1014 1325 1039 tum
1348 1009 1444 1039 etiam
1472 1009 1548 1050 quia
1573 1003 1780 1038 docto'tradi

307 1060 386 1098 solet
417 1077 574 1099 sermone.
630 1066 709 1105 Sed,
745 1072 866 1108 praeter
902 1064 974 1095 illos
1010 1065 1202 1107 Chirurgiae
1235 1067 1387 1096 Doctores
1418 1071 1450 1095 et
1477 1064 1661 1106 Magistros,
1692 1061 1782 1094 aliud

308 1122 432 1166 legibus
468 1122 678 1153 constitutum
714 1127 760 1153 est
796 1121 1035 1162 Chirurgorum
1075 1130 1200 1163 genus,
1244 1131 1326 1163 quos
1359 1123 1496 1152 maxime
1527 1126 1636 1151 nostra
1662 1126 1782 1163 spectat

309 1179 435 1218 oratio,
473 1189 585 1212 eorum
622 1189 756 1221 nempe,
795 1179 851 1220 qni
882 1179 950 1208 ruri
981 1183 1080 1207 artem
1108 1175 1258 1209 factitant.
1303 1178 1366 1214 Iis,
1399 1184 1524 1220 praeter
1551 1177 1779 1219 Chirurgiam,

309 1238 404 1268 etiam
433 1237 634 1266 internorum
666 1234 856 1266 morborum
882 1244 958 1264 cura
981 1239 1030 1264 est
1054 1233 1256 1272 concredita,
1294 1233 1472 1276 iisdemque
1501 1243 1686 1276 praeparare
1712 1244 1783 1265 me·

309 1291 486 1325 dicamenta
520 1291 709 1338 plerumque
739 1291 799 1333 ipsi
834 1289 956 1329 solent,
994 1290 1097 1332 atque·
1127 1297 1225 1322 artem
1262 1292 1392 1334 iusuper
1427 1290 1528 1322 facere
1556 1289 1783 1323 obstetriciam.

310 1348 354 1382 Hi
377 1348 454 1380 adeo
478 1350 587 1379 omnia
608 1351 744 1379 omnino
771 1349 860 1378 obire
882 1346 1000 1378 debent
1025 1347 1154 1385 munia,
1190 1347 1309 1390 quibus
1334 1350 1504 1379 universus
1532 1348 1608 1378 artis
1632 1345 1784 1379 medendi

309 1403 449 1434 ambitus
479 1405 672 1434 continetur.
733 1405 770 1433 Et
804 1413 879 1433 sane
911 1402 987 1433 haec
1017 1405 1126 1433 omnia
1155 1403 1237 1434 bene
1267 1404 1310 1432 ita
1340 1414 1407 1434 esse
1435 1404 1625 1438 constituta,
1654 1413 1692 1433 ex
1721 1404 1782 1442 iis,

310 1469 392 1501 quae
422 1470 517 1503 supra
549 1459 708 1496 diximus,
747 1457 838 1489 facile
870 1464 917 1489 est
951 1457 1147 1499 perspicere,
1189 1463 1222 1488 et
1250 1458 1371 1489 nemini
1401 1457 1536 1489 dubium
1567 1468 1634 1489 esse
1661 1464 1783 1500 potest,

310 1514 544 1553 consideranti,
581 1515 650 1546 fieri
673 1525 739 1546 non
765 1525 857 1558 posse
882 1521 919 1545 ut
945 1513 1066 1556 ubique
1092 1513 1254 1554 locorum,
1287 1516 1320 1546 in
1347 1515 1424 1546 locis
1445 1516 1626 1558 praesertim
1652 1515 1781 1558 longius

310 1570 450 1610 dissitis,
479 1572 518 1603 ad
544 1583 804 1615 unamquamque
831 1571 1022 1615 peculiarem
1049 1571 1225 1602 medicinae
1253 1578 1374 1614 partem
1401 1571 1608 1603 exercendam
1635 1571 1782 1605 homines

312 1627 508 1660 consideant.
1308 1628 1309 1631 ’

354 1685 476 1716 Videtis
511 1686 609 1728 igitur
632 1686 695 1727 jam
725 1684 763 1717 Λ.
789 1685 825 1716 A.
852 1692 1032 1717 nostrarum
1059 1686 1168 1728 legum
1197 1687 1444 1723 constitutione,
1478 1686 1580 1716 varias
1606 1685 1782 1719 medicinae

311 1746 416 1781 partes
453 1741 487 1772 in
524 1753 590 1773 uno
626 1742 757 1773 homine
792 1743 906 1772 iterum
946 1744 1144 1786 conjunctas.
1205 1742 1264 1773 Sed
1308 1742 1439 1773 ubinam
1475 1752 1593 1785 quaeso
1631 1743 1784 1775 omnibus

316 1796 402 1827 hisce
431 1796 610 1840 disciplinis
647 1798 831 1840 artibusque
859 1799 1045 1831 erudientur
1074 1799 1222 1831 tirones?
1265 1799 1387 1831 Nullibi
1415 1799 1447 1829 in
1473 1800 1571 1841 patria
1597 1806 1704 1830 nostra
1726 1799 1784 1831 da.

313 1857 365 1881 tur
397 1852 504 1884 schola
545 1853 619 1884 huic
651 1853 710 1884 fini
740 1853 903 1885 destinata.
957 1858 1043 1887 Licet
1069 1857 1175 1892 enim,
1208 1862 1243 1887 ut
1267 1856 1412 1886 omittam
1441 1855 1675 1886 institutionem
1702 1860 1781 1888 Aca-

316 1905 490 1948 demicam,
522 1909 729 1952 aliquomodo
762 1909 837 1941 huic
860 1913 903 1941 rei
928 1918 1132 1954 prospectum
1163 1911 1307 1943 videatur
1333 1922 1390 1950 εο,
1426 1911 1512 1953 qnod
1547 1912 1580 1942 in
1608 1914 1788 1954 praecipuis

318 1962 453 1996 urbibus
488 1965 620 1997 lectores
650 1966 882 2007 inveniantur5
924 1974 1144 2011 praeterquam
1179 1967 1267 2012 quod
1306 1968 1341 1999 hi
1371 1969 1573 2010 Chixurgiam
1601 1967 1700 1999 solam
1731 1968 1789 1999 do·

1693 2032 1785 2063 cent,
