1946 2517
127 915 416 987 Quotiescunque
445 949 564 977 attenta
592 950 701 977 mente
725 945 778 977 ilfa
802 945 991 989 respicimus
1019 943 1181 989 tempora,
1216 945 1335 989 quibus
1364 955 1512 989 perversa
1536 944 1597 979 and2⁴

126 1003 262 1034 modum
286 1010 318 1035 et
348 1003 484 1035 absurda
508 1004 645 1046 opinio,
678 1010 831 1046 tanquam
856 1003 910 1034 illa
933 1001 1110 1034 Medicinae
1134 1013 1226 1045 pars,
1250 1014 1333 1046 quae
1351 1013 1449 1035 manu
1471 1003 1596 1035 dicituu*

126 1059 246 1090 mederi
260 1083 270 1098 ‚
303 1059 497 1102 Chirurgia,
520 1059 629 1095 minus
656 1067 738 1092 esset
764 1060 920 1099 honesta,
962 1070 1019 1104 per
1053 1059 1240 1091 universum
1269 1058 1333 1090 fere
1361 1066 1517 1091 terrarum
1541 1070 1596 1090 or·

124 1114 198 1148 bem
226 1116 460 1149 nobilissimam
488 1117 572 1148 hanc
598 1123 698 1150 artem
721 1118 801 1150 adeo
827 1118 932 1150 tenuit
956 1127 1160 1160 oppressam,
1186 1123 1222 1148 ut
1242 1116 1508 1159 impotentissima
1529 1114 1590 1146 do-

124 1174 282 1212 minatio,
320 1185 417 1218 quam
450 1173 508 1205 diu
536 1173 652 1206 medici
677 1176 712 1206 in
734 1185 805 1206 eam
830 1179 1065 1210 exercuerunt,
1099 1174 1232 1204 miseros
1257 1172 1407 1204 mortales
1436 1170 1596 1203 omnibus-

121 1228 187 1262 illis
209 1230 397 1271 beneficiis,
431 1242 512 1275 quae
539 1237 648 1274 postea
676 1231 786 1274 generi
827 1229 972 1261 humano
1001 1228 1113 1272 largita
1141 1235 1207 1268 est,
1250 1229 1285 1260 in
1320 1235 1511 1272 perpetuum
1538 1228 1594 1259 de·

121 1283 268 1327 fraudare
292 1287 472 1327 videretur3
502 1294 534 1318 et
560 1289 818 1330 quotiescunque
844 1285 908 1316 illis
935 1285 1135 1328 temporibus
1160 1291 1314 1327 tanquam
1339 1296 1356 1316 e
1379 1285 1512 1328 regione
1531 1295 1595 1327 ope

119 1343 256 1385 positam
283 1344 540 1384 contemplamur
564 1343 780 1374 felicissimam
808 1352 877 1372 eam
893 1364 902 1379 ‚
944 1353 1049 1384 quam*
1071 1342 1166 1372 nobis
1188 1344 1296 1373 vivere
1320 1342 1474 1384 contigit,
1508 1346 1595 1371 aetao

119 1403 205 1435 tem,
234 1408 319 1439 qua,
341 1399 458 1438 [figatis
481 1400 531 1426 hie
555 1409 706 1436 maguaiu
731 1405 852 1436 par-inm
880 1397 1043 1434 tenebris,
1083 1396 1215 1425 liberius
1243 1398 1366 1437 spirant
1392 1404 1424 1426 et
1443 1404 1595 1438 negatam*

121 1452 184 1486 sibi
203 1450 402 1496 aliquamdiu
431 1449 557 1490 sedem,
582 1456 735 1492 tanquam
762 1449 953 1492 postliminii
979 1451 1069 1491 jure,
1103 1457 1321 1493 recuperatam
1349 1451 1490 1494 gaudent
1512 1452 1591 1483 Chi-

121 1512 232 1544 roniae
264 1510 341 1542 artis
373 1508 548 1540 antistites:
589 1513 676 1550 grata
710 1506 807 1538 simul
837 1506 950 1538 subeat
982 1513 1109 1550 oportet
1138 1507 1336 1547 recordatio,
1371 1515 1528 1551 quantum
1558 1515 1592 1539 eti

121 1568 182 1600 hac
212 1573 321 1599 nostra
351 1567 385 1597 in
414 1565 515 1609 patria
545 1563 590 1595 ad'
616 1562 814 1606 repellendas
840 1563 933 1595 hasce
963 1564 1143 1607 chirurgiae
1170 1565 1364 1607 ignominias
1390 1565 1591 1596 contulerint·

122 1624 321 1656 celeberrimi
345 1623 458 1654 bacin
481 1627 548 1653 arte
565 1621 649 1659 viri,
673 1631 814 1663 quorum
835 1620 999 1652 uberrimo
1018 1628 1180 1664 proventu
1208 1621 1383 1653 luxuriavit
1408 1631 1510 1663 usque
1534 1631 1593 1663 pa-

123 1683 202 1712 triae
224 1687 351 1712 nostrae
379 1678 504 1711 solum„

167 1737 270 1778 Quod
287 1737 374 1769 enim
401 1737 524 1775 exteri,
561 1746 686 1780 semper
713 1737 904 1768 Batavorum
929 1735 1108 1767 invidentes
1137 1735 1238 1768 famae
1260 1759 1268 1775 ‚
1307 1737 1382 1766 imo·
1398 1737 1599 1767 nostratium*

123 1793 306 1833 nonnulli,
347 1804 456 1826 rerum
490 1795 596 1825 minus
630 1794 747 1836 periti,
787 1800 842 1824 aut
875 1793 1037 1824 exoticum
1071 1793 1200 1836 quidvis
1231 1793 1447 1837 praejudicato
1483 1803 1600 1822 amore·

124 1851 390 1894 complectentes,
422 1858 566 1884 nostram
601 1850 765 1882 derideant
797 1850 1014 1893 chirurgiam;
1048 1850 1080 1882 id
1116 1850 1334 1882 inconsultum
1363 1859 1494 1892 prorsus
1520 1858 1592 1879 esse

123 1908 273 1939 existimo
317 1918 353 1938 ac
388 1907 552 1941 stolidum.
611 1909 699 1947 Q‘uin
731 1909 852 1946 etiam,
893 1909 921 1939 si
954 1909 1132 1951 chirurgiae
1165 1907 1262 1939 modo
1292 1906 1497 1938 revolvamus
1527 1905 1597 1936 fata<

123 1973 195 2008 post
225 1965 393 1999 infaustam
419 1970 488 2011 ejus
514 1978 532 2000 a
558 1965 716 1999 medicina
745 1966 996 2008 separationem,
1029 1965 1056 1996 si
1084 1967 1118 2010 in
1144 1964 1342 1996 memoriam*
1362 1968 1494 1994 nosuiet³
1517 1961 1588 2003 ipsi·

898 2022 934 2054 A.
952 2021 972 2053 3
1538 2028 1597 2048 re»-
