1946 2517
427 151 739 184 COMMENTATlo
759 160 794 181 ΙΝ
815 150 1118 190 QUAESTIONEM
1149 153 1356 185 MtzchM.
1613 163 1650 194 57

140 237 221 274 quod
239 236 370 272 autopsia
389 236 471 265 etiam
497 236 619 272 probat3
642 236 728 265 latIce
751 235 885 264 nimirum
909 235 1042 271 hepatico
1070 245 1119 272 per
1149 238 1267 266 ductum
1303 238 1444 273 cysticum
1474 239 1507 267 tid
1532 240 1645 269 vesicu-

137 290 192 318 lam
211 288 319 317 felleam
335 288 441 316 fluente
456 308 466 323 ‚
489 289 515 317 si
535 288 621 323 hepar
639 287 793 323 prudenter
807 294 834 315 et
855 288 924 316 satis
945 289 1036 317 valide
1056 290 1143 317 simul
1166 293 1372 326 comprimatur
1393 293 1436 327 (a
1450 293 1475 327 ).
1517 292 1646 327 Denique

140 339 323 369 obstaculum
349 339 374 368 si
395 339 474 367 adest
497 339 528 367 in
552 339 641 366 ductu
659 337 796 373 cystim,
817 338 958 367 calculum
978 348 1007 369 v.
1028 349 1069 376 gr.
1092 342 1217 371 vesicula
1245 351 1304 371 non
1329 342 1483 377 impletur,
1507 345 1642 378 quoniam

137 390 204 419 bilis
226 391 400 427 regurgitare
420 389 522 425 nequit
542 389 624 426 (b).
1538 406 1543 407 γ

174 446 202 482 ς.
229 445 273 473 18.
317 444 394 472 Inter
419 444 489 472 alias
519 442 755 477 observationes,
783 441 834 470 illa
858 450 873 470 a
895 441 942 471 Cl.
962 443 1128 481 Bragmans
1152 445 1306 480 instituta,
1337 451 1364 473 et
1389 454 1404 474 a
1433 446 1482 475 (Ἶ.
1505 446 1646 474 Bernam'

135 501 307 531 memorata,
338 495 394 524 hoc
418 494 499 522 etiam
525 493 640 529 probat.
680 493 792 531 Invenit
812 493 945 522 nimirum
970 495 1018 524 Cl.
1041 496 1085 524 vir
1106 497 1136 524 in
1159 497 1310 532 cadavere,
1344 499 1499 525 vesiculam
1533 497 1641 525 ‘'elleam

134 548 286 576 admodum
303 555 454 583 expansam
475 544 546 574 semi
563 545 757 582 pellucidam3
778 545 908 573 ‘examine
925 545 1080 581 instituto,
1104 547 1133 575 in
1160 548 1392 584 ductu-cystico
1415 549 1495 577 valde
1513 549 1640 577 distento

133 600 262 628 calculus
286 597 506 633 inveniebatur,
537 597 610 625 viam
637 596 792 625 vesiculam
823 605 923 625 versus
948 598 1125 634 obstruens,
1147 599 1256 636 quique
1281 599 1431 636 effecerat,
1454 607 1485 628 ut
1503 608 1538 629 ne
1560 606 1642 636 gutta

132 651 200 679 bilis
215 650 361 686 hepaticae
373 650 456 686 JuXta
473 650 613 678 calculum
632 648 754 677 transire
773 648 890 679 valeret.
938 649 1003 685 Ipsa
1022 650 1169 686 vesicula,
1190 651 1313 679 calculis
1331 653 1468 687 oppleta,
1496 651 1641 680 humorem

134 702 301 731 continebat
317 701 493 737 pellucidum
506 721 516 736 ,
537 701 706 736 viscosum,
727 700 888 729 charactere
905 700 1012 730 bilioso
1033 701 1203 730 destitutum
1229 703 1310 740 (cr).

169 755 200 791 §-
227 760 272 790 19.
314 752 449 781 Vidimus
469 761 568 788 nunc,
589 752 673 780 bilem
694 751 853 788 hepaticam
877 752 961 788 juxta
986 753 1059 781 viam
1085 760 1269 782 memoratam
1292 755 1329 782 ad
1349 754 1490 791 cystidem
1508 750 1640 784 determi-

130 806 211 835 nari:
234 806 373 834 nonnulla
399 812 465 832 vero
493 804 575 832 etiam
598 803 717 832 dicenda
744 810 812 832 sunt
837 802 872 831 de
893 810 980 832 causa
998 803 1085 841 liujus
1107 805 1268 840 decursus,
1293 813 1359 834 cum
1383 814 1470 842 super
1489 808 1561 834 hane
1580 813 1638 834 non

132 863 245 893 semper
265 858 347 885 etiam
369 856 464 884 eadem
485 855 624 884 exstiterit
647 863 802 894 auctorum
825 854 937 891 opinio.

169 910 197 945 §.
220 916 267 939 20.
311 907 501 945 Falloppius‚
522 907 662 942 multique
685 914 753 943 post
772 916 857 943 eum,
879 908 1051 944 voluerunt,
1081 907 1250 936 intestinum
1273 908 1438 936 duodenum
1466 909 1573 945 chymo
1599 916 1641 936 rc·

127 961 237 997 pletum
255 959 384 988 claudere
399 958 540 987 orificium
561 958 666 986 ductus
683 959 877 995 choledochi,
901 960 977 988 unde
1000 959 1066 987 bilis
1091 967 1141 995 per
1168 958 1249 1000 illum
1277 959 1395 987 ductum
1422 960 1455 988 ad
1479 960 1642 988 duodenum

128 1011 230 1041 deferri
245 1018 304 1039 non
325 1017 424 1046 posset
436 1031 446 1045 ‚
470 1009 520 1038 sed
538 1009 620 1038 aliam
637 1009 694 1038 sibi
710 1010 783 1039 viam
804 1010 920 1040 deberet
933 1019 1083 1048 quaerere,
1107 1019 1191 1047 quam
1205 1011 1329 1046 ⁴quidem
1346 1010 1430 1039 facile
1446 1011 1477 1041 in
1492 1012 1582 1040 ductu
1601 1012 1642 1041 vi-

129 1063 197 1091 cino
219 1062 331 1099 cystico
352 1069 453 1090 versus
474 1061 616 1097 cystidem
640 1062 792 1091 inveniret.

164 1114 193 1150 S.
216 1121 261 1142 21.
304 1113 386 1141 Hanc
405 1120 472 1141 vero
490 1113 657 1148 opinionem
681 1114 853 1145 recentiores
871 1114 1078 1149 deseruerunt,
1100 1120 1127 1143 et
1153 1120 1229 1142 recte
1255 1114 1392 1150 quidem,
1416 1113 1550 1148 quoniam
1570 1113 1638 1141 bilis

127 1165 312 1203 praecipuam
330 1173 408 1193 suam
436 1165 588 1193 utilitatem
604 1172 673 1194 tunc
686 1167 825 1202 temporis
850 1173 991 1202 praestare
1011 1166 1113 1201 debet,
1135 1165 1251 1201 quando
1272 1165 1434 1194 duodenum
1452 1165 1557 1202 cliyrno
1575 1172 1638 1193 tur-

126 1224 194 1255 get;
220 1217 347 1252 adeoque
368 1216 509 1245 absonum
529 1223 574 1245 est
598 1222 742 1253 statuere,
762 1226 796 1247 eo
819 1224 948 1256 tempore
964 1225 1024 1247 non
1045 1218 1209 1248 duodenum
1226 1225 1347 1253 versus,
1367 1217 1416 1246 sed
1429 1217 1464 1246 ad
1485 1217 1574 1246 alium
1593 1218 1636 1246 lo-

123 1277 190 1298 cum
217 1268 303 1296 bilem
324 1267 390 1296 ferri
411 1266 493 1305 (d).

161 1321 193 1356 s.
217 1331 264 1350 22.
306 1318 426 1347 Halleri
452 1318 553 1354 opinio
570 1324 615 1348 est
631 1326 741 1349 motum
767 1320 974 1357 peristalticum
993 1320 1181 1356 validiorem,
1202 1320 1252 1356 qui
1276 1322 1372 1350 locum
1392 1321 1508 1350 haberet
1527 1321 1633 1350 duode-

126 1380 166 1402 no
184 1372 292 1408 chymo
308 1373 440 1407 repleto,
461 1371 657 1407 constringere
676 1372 818 1400 orificium
845 1373 953 1400 ductus
975 1371 1172 1406 choledochi‚
1202 1372 1302 1408 sicque
1325 1372 1410 1401 bilem
1444 1373 1509 1409 cogi
1534 1380 1633 1401 versus

124 1423 266 1459 cystidem
284 1430 401 1450 cursum
420 1430 506 1450 suum
530 1422 669 1457 dirigere:
700 1423 748 1450 sed
767 1429 872 1458 sponte
901 1429 1039 1458 apparet,
1062 1424 1155 1451 eadem
1181 1423 1227 1451 hic
1253 1425 1344 1452 valere
1372 1432 1444 1459 quae
1472 1425 1559 1453 modo
1584 1425 1635 1453 ad-

122 1475 269 1503 duximus.
311 1473 386 1500 Vera
402 1472 515 1500 interitu
535 1480 620 1500 causa
647 1480 720 1507 quae
740 1480 805 1500 cum
827 1479 944 1501 naturae
959 1473 1073 1509 legibus
1086 1494 1097 1509 ,
1119 1473 1215 1502 ubivis
1242 1482 1272 1502 1n
1296 1475 1408 1504 animali
1423 1484 1544 1511 corpore
1563 1484 1634 1504 con-

123 1526 259 1562 spicuis,
289 1532 373 1560 quam
402 1524 510 1559 optime
532 1522 692 1558 convenit,
725 1523 876 1552 admodum
902 1524 1024 1559 simplex
1052 1532 1114 1552 esse
1139 1525 1263 1553 videtur.
1305 1526 1375 1554 Bilis
1401 1527 1531 1562 scilicet,
1560 1535 1636 1562 quae

119 1577 308 1613 potissimum
331 1574 541 1612 chylificationi
566 1574 704 1609 inservit,
733 1582 783 1609 per
806 1579 936 1608 apertum
964 1575 1083 1603 ductum
1103 1575 1314 1604 choledochum
1335 1576 1423 1605 libere
1450 1578 1514 1607 fluit
1533 1586 1631 1607 versus

121 1628 284 1657 duodenum
297 1647 308 1663 ,
330 1627 444 1662 quando
462 1625 632 1654 intestinum
649 1625 721 1653 illud
738 1626 844 1661 chymO
868 1631 972 1662 turget.
1019 1626 1192 1655 Duodenum
1212 1635 1280 1656 vero
1298 1627 1322 1656 si
1338 1636 1456 1657 vacuum
1476 1636 1540 1665 est,
1561 1636 1631 1658 tuuc

121 1680 184 1718 ejus
210 1680 328 1716 parietes
357 1678 561 1713 collabuntur,
587 1679 621 1706 ad
647 1687 676 1706 se
697 1678 818 1708 invicem
842 1678 1003 1713 accedunt,
1024 1684 1052 1706 et
1072 1677 1155 1714 quasi
1173 1685 1382 1715 corrugantur,
1404 1685 1432 1707 et
1454 1687 1522 1708 tunc
1546 1680 1630 1709 etiam

123 1731 210 1759 simul
227 1737 398 1766 corrugatur
414 1729 481 1758 finis
500 1731 606 1758 ductus
624 1730 817 1767 chotedocffl,
839 1732 867 1760 in
893 1732 1057 1760 duodenum
1085 1731 1205 1766 inserti,
1229 1740 1256 1760 et
1277 1732 1316 1761 ita
1333 1733 1446 1769 quidem
1463 1733 1628 1768 clauditur;

121 1783 201 1820 quod
219 1790 252 1810 eo
268 1789 361 1810 autem
387 1780 502 1810 facilius
529 1780 590 1809 fieri
614 1781 709 1818 valet,
731 1782 756 1810 si
779 1782 959 1812 attendamus
984 1783 1106 1813 ductum
1130 1783 1341 1814 choledochum
1370 1792 1427 1814 non
1449 1784 1544 1813 statim
1572 1792 1634 1820 pcr—

1589 1833 1636 1864 fo·

143 1896 202 1925 (a)
223 1898 261 1920 Cf.
278 1896 373 1923 Pvml,
388 1896 456 1919 Arae,
474 1897 533 1920 Med.
550 1899 576 1920 T.
591 1902 612 1922 5-
629 1905 652 1925 p.
663 1897 713 1920 296.

149 1940 197 1967 (b)
223 1939 258 1961 Cf.
281 1939 305 1959 ζ’.
324 1938 443 1973 &weng-cl?
458 1938 522 1961 Lilzt.
538 1938 585 1961 Cr't.
607 1940 636 1961 T.
651 1945 671 1961 ι.
694 1947 715 1968 p.
730 1945 778 1967 352.

145 1980 196 2008 (c)
218 1981 254 2002 Cf.
270 1978 388 2004 Berua-rei,
406 1979 466 2002 Diu,
482 1986 500 2001 J.
516 1980 610 2002 Ubterr.
627 1980 670 2003 Sel.
688 1988 710 2010 p,
724 1986 759 2006 ιι,

148 2021 200 2050 (d)
223 2020 261 2044 Cf.
278 2020 384 2049 limen,
400 2020 463 2042 Dim
480 2021 526 2044 Lit.
545 2022 566 2050 S.
581 2027 615 2049 ¹5·
926 2052 956 2082 H
