1946 2517
371 173 391 203 8
826 175 859 204 c.
913 175 939 206 J,
994 164 1382 212 vix-Assum

371 265 526 308 praeclare
560 271 683 309 gestum
703 290 710 302 ,
744 273 797 297 aut
827 269 1016 298 Litterarum
1050 267 1268 298 monumentis
1301 278 1318 297 a
1348 267 1491 312 principe
1518 273 1673 300 terrarum
1705 270 1828 314 populo

371 322 592 363 consignatum
618 328 714 359 esset,
740 322 793 353 sed
812 322 944 353 mirifice
962 323 1033 354 illos
1059 324 1139 366 cepit
1160 330 1191 354 et
1210 325 1384 355 commovit
1406 326 1526 368 Legum
1540 331 1571 356 et
1590 326 1829 367 institutorum,

372 378 405 407 in
433 388 514 419 quae
538 377 742 414 incidissent,
769 379 955 421 praestantia
979 377 1162 421 singularis!
1214 379 1299 420 Quid
1328 381 1425 423 igitur
1450 380 1588 413 advenae
1616 371 1692 414 istae
1721 390 1832 425 gemes

371 433 553 464 dubitarent
587 436 619 464 in
656 444 774 471 novas,
806 433 843 463 ad
868 444 946 476 quas
968 434 1420 475 conciliarenturgcivitates,
1453 437 1625 480 praeclaras
1654 439 1728 469 istas
1746 438 1830 481 leges

370 490 530 532 recipere,
553 497 583 520 et
609 490 650 521 ad
677 491 817 522 obsoleta
846 490 961 522 devicti
984 492 1097 534 populi
1123 493 1266 524 instituta
1289 494 1419 524 victoris
1445 493 1556 536 populi
1581 504 1685 525 mores
1703 493 1831 525 confor-

369 546 478 575 mare?
521 547 596 576 Mox
627 548 848 589 unusquisque
873 547 1030 590 populus,
1056 554 1092 578 ut
1122 547 1278 579 bonarum
1311 550 1431 590 Legum
1465 548 1716 580 studiosissimus
1743 548 1827 588 fuit,

369 601 410 632 ita
425 601 664 644 diligentissime
681 603 841 634 Romanas
860 605 957 645 Leges
979 605 1012 634 in
1040 613 1117 634 usus
1146 615 1221 635 suos
1247 604 1515 643 accommodavit,
1540 611 1693 647 tantaque
1715 604 1828 636 subin·

368 656 408 687 de
429 658 495 688 sive
514 662 579 688 arie
602 659 672 689 sive,
697 659 819 689 incuria
848 670 922 690 cum
946 659 1128 692 domesticis
1159 661 1312 692 institutis
1334 661 1507 699 conflavit,
1533 668 1570 693 ut
1606 672 1690 693 nova
1718 661 1829 692 etiam-

369 725 456 745 nunc
481 714 537 745 lux
564 715 602 745 (le
625 715 817 746 absconditis
843 715 905 746 illis
938 716 1017 747 locis
1050 716 1239 748 illustrando
1264 718 1332 748 Juri
1365 720 1530 756 Romano,
1559 719 1659 760 possit
1689 716 1830 749 accendi.

371 773 479 813 Atque
497 772 541 801 sic
559 770 704 802 effectum
726 777 794 808 est,
816 778 852 802 ut
881 772 1027 814 disrupto
1049 772 1198 814 deinceps
1226 779 1406 816 temporum
1436 773 1655 805 vicissitudine
1674 775 1829 805 Germani

370 826 499 869 Imperii
529 826 676 864 vinculo,
700 829 819 869 Legum
842 828 1045 870 antiquarum
1065 831 1113 860 vis
1136 840 1203 859 non
1226 828 1322 859 mo‘do
1340 840 1406 860 non
1426 829 1671 860 imminueretur
1685 853 1693 867 ‚
1715 839 1830 860 verum

368 885 462 914 etiam
481 894 498 913 a
517 887 676 915 renovatis
691 886 774 915 tutis
786 885 898 915 Civilis
915 892 945 915 et
958 886 1132 916 litterarum
1145 884 1258 916 studiis
1274 895 1357 915 nova
1370 885 1562 916 incrementa
1574 888 1708 928 caperet.
1728 885 1830 918 Alteri

369 940 466 982 igitur
490 951 619 977 causae,
643 951 740 982 quare
771 947 859 971 tanto
884 942 918 971 in
941 940 1063 973 honore
1087 949 1167 974 esset
1194 953 1289 973 omne
1319 953 1425 973 rerum
1454 944 1671 973 Romanarum
1697 949 1729 973 et
1748 942 1829 983 juris

369 998 536 1039 praecipue
569 997 731 1031 studium.
765 997 860 1028 altera
887 997 962 1028 haec
990 999 1116 1040 gravior
1151 997 1336 1038 accedebat,
1368 998 1476 1041 quod,
1513 999 1659 1041 quamvis
1684 998 1831 1041 singulae

372 1054 555 1084 Provinciae
573 1054 646 1084 Jure
669 1064 809 1095 quaeque
835 1064 894 1084 suo
917 1053 1003 1085 civili
1024 1060 1209 1091 uterentur,
1236 1056 1319 1097 ipsae
1345 1061 1451 1085 tamen
1478 1056 1575 1096 Leges
1593 1057 1754 1086 Romanae
1767 1065 1829 1097 pu-

369 1108 444 1139 blici
461 1109 637 1151 privatique
657 1110 740 1138 Juris
763 1108 866 1138 fontes
891 1108 1097 1140 haberentur.
1155 1109 1386 1142 Addiscebatur
1405 1110 1438 1139 iu
1456 1109 1573 1140 scholis
1599 1116 1631 1140 et
1652 1110 1832 1153 explicaba-

371 1172 422 1195 tur
442 1166 476 1195 in
507 1164 577 1195 foro
601 1165 785 1194 universum
810 1165 865 1194 Jus
889 1159 1069 1195 Romanurn
1098 1165 1184 1196 haud
1208 1175 1320 1204 secus,
1352 1171 1388 1196 ut
1411 1164 1542 1208 quidem
1571 1164 1666 1197 nobis
1683 1166 1830 1208 videtur,

370 1231 405 1250 ac
438 1230 586 1251 cronno
609 1220 667 1258 ait,
696 1230 730 1250 se
757 1229 891 1262 puerum
915 1221 974 1250 ΧΠ
1001 1220 1137 1252 Tabulas
1162 1220 1319 1253 didicisse.
1372 1223 1410 1251 Et
1435 1227 1559 1251 tantum
1580 1221 1701 1260 aberat,
1729 1229 1764 1254 ut
1794 1223 1834 1254 il-

370 1275 432 1306 lam
461 1275 638 1306 doctrinam
665 1276 755 1318 quasi
779 1277 863 1307 Juris
896 1275 1030 1319 alicujus
1056 1277 1221 1308 adventitii
1251 1284 1519 1320 aspernarentur,
1552 1283 1588 1308 ut
1614 1278 1749 1310 omnino
1776 1278 1834 1310 du·

372 1332 463 1362 bitari
487 1334 584 1374 possit
608 1339 715 1363 utrum
742 1333 783 1363 ob
809 1332 993 1370 utilitatem,
1022 1338 1061 1364 an
1089 1334 1131 1364 ob
1153 1332 1386 1375 jucunditatem
1419 1334 1520 1375 magis
1543 1335 1577 1364 in
1599 1333 1678 1365 illud
1706 1337 1830 1366 incum-

370 1388 481 1418 berent
503 1389 649 1429 generosi
678 1389 830 1430 juvenes3
861 1396 894 1420 et
921 1389 1036 1431 quidni
1072 1399 1105 1420 se
1135 1395 1218 1420 totos
1243 1389 1405 1421 dedissent
1431 1390 1689 1432 gravissimarum
1722 1401 1831 1422 rerum

369 1444 563 1485 cognitioni,
586 1443 625 1474 acl
649 1455 728 1486 quas
756 1444 892 1475 naturali
909 1445 1049 1487 quodam
1068 1444 1168 1476 animi
1193 1455 1289 1476 sensu
1317 1445 1542 1477 traherentur?
1565 1448 1597 1477 in
1626 1447 1744 1489 quibus
1766 1447 1830 1479 ela·

371 1499 519 1531 borandis
546 1507 577 1531 et
607 1500 801 1532 illustrandis
828 1511 867 1531 eo
890 1502 989 1542 magis
1015 1500 1170 1540 valerent,
1197 1512 1263 1544 quo
1281 1503 1413 1545 propius
1435 1502 1474 1533 ad
1495 1504 1644 1534 Jctorum
1663 1493 1830 1536 Romano.

369 1566 440 1586 rum
457 1556 574 1597 ingenii
596 1557 659 1586 vim
679 1567 713 1587 ac
734 1564 878 1588 naturam
899 1558 1042 1599 ipsorum
1059 1558 1186 1599 ingenia
1204 1558 1397 1590 accederent.

413 1612 520 1641 Dicam
545 1613 629 1642 euim
660 1619 694 1643 ut
721 1614 840 1650 senti03
862 1623 943 1654 quae
973 1614 1106 1643 virtutes
1133 1613 1167 1643 in
1189 1615 1271 1644 JCtis
1291 1615 1443 1645 Romanis
1463 1615 1636 1657 praeclarae
1663 1617 1697 1647 in
1719 1617 1830 1659 primis

370 1665 473 1703 suere,
500 1678 660 1699 aummum
679 1668 750 1699 dico
793 1669 913 1710 ingenii
942 1679 1074 1699 acumen
1092 1690 1102 1706 ‚
1129 1669 1311 1700 Dialectices
1338 1677 1436 1701 artem
1456 1671 1692 1710 admirabilem,
1717 1672 1834 1704 doctri-

371 1731 443 1752 nam
470 1733 575 1752 rerum
602 1734 798 1762 accuratam,
831 1735 964 1766 eamque
990 1724 1162 1766 elegantiae
1195 1735 1261 1755 uon
1292 1733 1477 1768 expertem,
1511 1737 1666 1769 praeterea
1697 1730 1773 1770 justi
1797 1736 1830 1760 et

369 1778 460 1820 aequi
484 1779 623 1809 etuthmn
650 1781 861 1818 acerrimum,
885 1782 1093 1811 reverentiam
1121 1781 1296 1821 Majorum,
1326 1788 1357 1812 et
1381 1784 1529 1825 antiquae
1559 1783 1709 1815 uhu-tatis
1743 1795 1831 1816 amo·

370 1844 433 1866 rem
464 1833 736 1873 ardentissimum,
762 1847 814 1867 eas
839 1837 921 1878 ipsas
946 1838 1076 1866 virtutes
1099 1839 1205 1867 nescio
1224 1837 1286 1878 quii
1313 1838 1468 1880 singulari
1494 1840 1695 1881 ingeniorum
1713 1847 1743 1871 et
1762 1851 1831 1872 mo-

372 1899 442 1918 rum
465 1891 672 1921 mullitudine
691 1892 723 1922 in
741 1894 933 1923 nostratibus
954 1902 1095 1923 summas
1118 1902 1242 1933 semper
1269 1894 1366 1925 fuisse
1383 1901 1413 1926 et
1433 1899 1578 1938 proprias
1595 1896 1754 1928 existimo.

414 1945 454 1976 At
469 1967 476 1980 ‚
498 1953 623 1988 quaeret
643 1938 777 1989 aliquis,
801 1959 956 1991 quorsum
982 1948 1061 1979 haec
1080 1949 1248 1990 spectant?

1780 2009 1836 2040 Ni.
