<?xml version="1.0" encoding="UTF-8"?>
<!DOCTYPE html PUBLIC "-//W3C//DTD XHTML 1.0 Transitional//EN"
    "http://www.w3.org/TR/xhtml1/DTD/xhtml1-transitional.dtd">
<html xmlns="http://www.w3.org/1999/xhtml" xml:lang="en" lang="en">
 <head>
  <title>
</title>
<meta http-equiv="Content-Type" content="text/html;charset=utf-8" />
  <meta name='ocr-system' content='tesseract 3.04.00' />
  <meta name='ocr-capabilities' content='ocr_page ocr_carea ocr_par ocr_line ocrx_word'/>
</head>
<body>
  <div class='ocr_page' id='page_1' title='image "annalesacademiae21rijk_0072.png"; bbox 0 0 1946 2517; ppageno 0'>
   <div class='ocr_carea' id='block_1_1' title="bbox 327 165 1391 210">
    <p class='ocr_par' dir='ltr' id='par_1_1' title="bbox 327 165 1391 210">
     <span class='ocr_line' id='line_1_1' title="bbox 327 165 1391 210; baseline 0 -9"><span class='ocrx_word' id='word_1_1' title='bbox 327 167 372 201; x_wconf 70' lang='lat' dir='ltr'><strong>‚a</strong></span> <span class='ocrx_word' id='word_1_2' title='bbox 751 165 1391 210; x_wconf 48' lang='lat' dir='ltr'><strong>&amp;euxitrssm</strong></span> 
     </span>
    </p>
   </div>
   <div class='ocr_carea' id='block_1_2' title="bbox 329 260 1814 1095">
    <p class='ocr_par' dir='ltr' id='par_1_2' title="bbox 329 260 1814 1095">
     <span class='ocr_line' id='line_1_2' title="bbox 331 260 1792 308; baseline 0.003 -15"><span class='ocrx_word' id='word_1_3' title='bbox 331 262 379 293; x_wconf 70' lang='lat' dir='ltr'><strong>zia</strong></span> <span class='ocrx_word' id='word_1_4' title='bbox 400 265 594 305; x_wconf 86' lang='lat' dir='ltr'><strong>appetuntur</strong></span> <span class='ocrx_word' id='word_1_5' title='bbox 613 260 752 304; x_wconf 83' lang='lat' dir='ltr'><strong>praemia</strong></span> <span class='ocrx_word' id='word_1_6' title='bbox 764 260 780 292; x_wconf 69' lang='lat'><strong>3·-</strong></span> <span class='ocrx_word' id='word_1_7' title='bbox 821 261 870 292; x_wconf 90' lang='lat' dir='ltr'><strong>Tu</strong></span> <span class='ocrx_word' id='word_1_8' title='bbox 899 271 974 293; x_wconf 86' lang='lat' dir='ltr'><strong>vero</strong></span> <span class='ocrx_word' id='word_1_9' title='bbox 1000 262 1200 304; x_wconf 82' lang='lat' dir='ltr'><strong>recte&#39;egisti</strong></span> <span class='ocrx_word' id='word_1_10' title='bbox 1229 269 1259 293; x_wconf 87' lang='lat' dir='ltr'><strong>et</strong></span> <span class='ocrx_word' id='word_1_11' title='bbox 1287 260 1495 294; x_wconf 78' lang='lat' dir='ltr'>laudabiliter.</span> <span class='ocrx_word' id='word_1_12' title='bbox 1539 261 1668 295; x_wconf 79' lang='lat' dir='ltr'><strong>Lubens</strong></span> <span class='ocrx_word' id='word_1_13' title='bbox 1689 264 1792 308; x_wconf 69' lang='lat' dir='ltr'><strong>igitur</strong></span> 
     </span>
     <span class='ocr_line' id='line_1_3' title="bbox 331 318 1814 360; baseline 0.003 -12"><span class='ocrx_word' id='word_1_14' title='bbox 331 324 363 351; x_wconf 81' lang='lat' dir='ltr'><strong>et</strong></span> <span class='ocrx_word' id='word_1_15' title='bbox 390 318 483 357; x_wconf 82' lang='lat' dir='ltr'><strong>Tibi,</strong></span> <span class='ocrx_word' id='word_1_16' title='bbox 507 318 620 360; x_wconf 87' lang='lat' dir='ltr'><strong>optimi</strong></span> <span class='ocrx_word' id='word_1_17' title='bbox 646 318 768 356; x_wconf 79' lang='lat' dir='ltr'><strong>Patris,</strong></span> <span class='ocrx_word' id='word_1_18' title='bbox 795 318 864 347; x_wconf 87' lang='lat' dir='ltr'><strong>Viri</strong></span> <span class='ocrx_word' id='word_1_19' title='bbox 891 325 1034 350; x_wconf 87' lang='lat' dir='ltr'><strong>accurate</strong></span> <span class='ocrx_word' id='word_1_20' title='bbox 1056 319 1144 350; x_wconf 85' lang='lat' dir='ltr'><strong>docti·</strong></span> <span class='ocrx_word' id='word_1_21' title='bbox 1161 327 1191 351; x_wconf 89' lang='lat' dir='ltr'><strong>et</strong></span> <span class='ocrx_word' id='word_1_22' title='bbox 1219 320 1461 360; x_wconf 78' lang='lat' dir='ltr'>humanissimi,</span> <span class='ocrx_word' id='word_1_23' title='bbox 1492 320 1581 359; x_wconf 77' lang='lat' dir='ltr'><strong>filio,</strong></span> <span class='ocrx_word' id='word_1_24' title='bbox 1612 325 1790 360; x_wconf 82' lang='lat' dir='ltr'><strong>praemium</strong></span> <span class='ocrx_word' id='word_1_25' title='bbox 1806 318 1814 325; x_wconf 85' lang='grc'><em>“</em></span> 
     </span>
     <span class='ocr_line' id='line_1_4' title="bbox 331 373 1787 419; baseline 0.003 -15"><span class='ocrx_word' id='word_1_26' title='bbox 331 373 433 406; x_wconf 80' lang='lat' dir='ltr'><strong>trado.</strong></span> <span class='ocrx_word' id='word_1_27' title='bbox 478 376 678 413; x_wconf 56' lang='lat' dir='ltr'><strong>Baton-letti,</strong></span> <span class='ocrx_word' id='word_1_28' title='bbox 701 374 755 405; x_wconf 90' lang='lat' dir='ltr'><strong>sed</strong></span> <span class='ocrx_word' id='word_1_29' title='bbox 780 373 998 406; x_wconf 82' lang='lat' dir='ltr'><strong>intellectualis</strong></span> <span class='ocrx_word' id='word_1_30' title='bbox 1021 382 1052 407; x_wconf 81' lang='lat' dir='ltr'><strong>et</strong></span> <span class='ocrx_word' id='word_1_31' title='bbox 1072 375 1219 415; x_wconf 87' lang='lat' dir='ltr'><strong>moralis,</strong></span> <span class='ocrx_word' id='word_1_32' title='bbox 1245 377 1341 407; x_wconf 88' lang='lat' dir='ltr'><strong>instar</strong></span> <span class='ocrx_word' id='word_1_33' title='bbox 1367 382 1434 416; x_wconf 86' lang='lat' dir='ltr'><strong>est,</strong></span> <span class='ocrx_word' id='word_1_34' title='bbox 1457 377 1545 419; x_wconf 89' lang='lat' dir='ltr'><strong>quod</strong></span> <span class='ocrx_word' id='word_1_35' title='bbox 1571 377 1708 409; x_wconf 81' lang='lat' dir='ltr'><strong>indicare</strong></span> <span class='ocrx_word' id='word_1_36' title='bbox 1726 379 1787 409; x_wconf 78' lang='lat' dir='ltr'><strong>mi·</strong></span> 
     </span>
     <span class='ocr_line' id='line_1_5' title="bbox 331 422 1794 477; baseline 0.004 -18"><span class='ocrx_word' id='word_1_37' title='bbox 331 428 366 459; x_wconf 87' lang='lat' dir='ltr'><strong>hi</strong></span> <span class='ocrx_word' id='word_1_38' title='bbox 382 429 510 472; x_wconf 87' lang='lat' dir='ltr'><strong>quidem</strong></span> <span class='ocrx_word' id='word_1_39' title='bbox 535 429 679 468; x_wconf 85' lang='lat' dir='ltr'><strong>videtur,</strong></span> <span class='ocrx_word' id='word_1_40' title='bbox 704 431 746 460; x_wconf 90' lang='lat' dir='ltr'><strong>Te</strong></span> <span class='ocrx_word' id='word_1_41' title='bbox 769 422 807 460; x_wconf 43' lang='lat' dir='ltr'><strong>‘in</strong></span> <span class='ocrx_word' id='word_1_42' title='bbox 822 430 998 472; x_wconf 69' lang='lat' dir='ltr'><strong>Sapientiae</strong></span> <span class='ocrx_word' id='word_1_43' title='bbox 1017 438 1048 462; x_wconf 87' lang='lat' dir='ltr'><strong>et</strong></span> <span class='ocrx_word' id='word_1_44' title='bbox 1068 433 1282 473; x_wconf 84' lang='lat' dir='ltr'><strong>Eruditioms,</strong></span> <span class='ocrx_word' id='word_1_45' title='bbox 1305 444 1400 476; x_wconf 88' lang='lat' dir='ltr'><strong>quem</strong></span> <span class='ocrx_word' id='word_1_46' title='bbox 1427 434 1529 477; x_wconf 82' lang='lat' dir='ltr'><strong>petis,</strong></span> <span class='ocrx_word' id='word_1_47' title='bbox 1552 439 1683 476; x_wconf 82' lang='lat' dir='ltr'><strong>portum</strong></span> <span class='ocrx_word' id='word_1_48' title='bbox 1705 443 1794 465; x_wconf 80' lang='lat' dir='ltr'><strong>sere·-</strong></span> 
     </span>
     <span class='ocr_line' id='line_1_6' title="bbox 331 485 1794 530; baseline 0.005 -13"><span class='ocrx_word' id='word_1_49' title='bbox 331 496 376 517; x_wconf 87' lang='lat' dir='ltr'><strong>no</strong></span> <span class='ocrx_word' id='word_1_50' title='bbox 399 488 468 516; x_wconf 77' lang='lat' dir='ltr'><strong>ae&#39;re</strong></span> <span class='ocrx_word' id='word_1_51' title='bbox 490 492 521 516; x_wconf 87' lang='lat' dir='ltr'><strong>et</strong></span> <span class='ocrx_word' id='word_1_52' title='bbox 535 487 645 517; x_wconf 73' lang='lat' dir='ltr'><strong>‘ventis</strong></span> <span class='ocrx_word' id='word_1_53' title='bbox 669 485 819 518; x_wconf 86' lang='lat' dir='ltr'><strong>secundis</strong></span> <span class='ocrx_word' id='word_1_54' title='bbox 838 496 906 518; x_wconf 87' lang='lat' dir='ltr'><strong>esse</strong></span> <span class='ocrx_word' id='word_1_55' title='bbox 931 489 1169 530; x_wconf 76' lang='lat' dir='ltr'><strong>navigaturum.</strong></span> <span class='ocrx_word' id='word_1_56' title='bbox 1791 492 1794 495; x_wconf 52' lang='lat'><em>⁴</em></span> 
     </span>
     <span class='ocr_line' id='line_1_7' title="bbox 394 600 1794 644; baseline 0.001 -12"><span class='ocrx_word' id='word_1_57' title='bbox 394 602 482 633; x_wconf 88' lang='lat' dir='ltr'><strong>Tene</strong></span> <span class='ocrx_word' id='word_1_58' title='bbox 501 600 554 632; x_wconf 87' lang='lat' dir='ltr'><strong>hic</strong></span> <span class='ocrx_word' id='word_1_59' title='bbox 579 601 766 644; x_wconf 79' lang='lat' dir='ltr'><strong>conspicio,</strong></span> <span class='ocrx_word' id='word_1_60' title='bbox 799 602 999 633; x_wconf 79' lang='lat' dir='ltr'><strong>ornatissime</strong></span> <span class='ocrx_word' id='word_1_61' title='bbox 1024 612 1215 642; x_wconf 64' lang='lat' dir='ltr'><strong>tunnas,</strong></span> <span class='ocrx_word' id='word_1_62' title='bbox 1246 603 1377 634; x_wconf 87' lang='lat' dir='ltr'><strong>nomine</strong></span> <span class='ocrx_word' id='word_1_63' title='bbox 1407 609 1437 634; x_wconf 87' lang='lat' dir='ltr'><strong>et</strong></span> <span class='ocrx_word' id='word_1_64' title='bbox 1466 602 1574 634; x_wconf 85' lang='lat' dir='ltr'><strong>omine</strong></span> <span class='ocrx_word' id='word_1_65' title='bbox 1608 602 1794 635; x_wconf 60' lang='lat' dir='ltr'><strong>tuetur?</strong></span> 
     </span>
     <span class='ocr_line' id='line_1_8' title="bbox 331 657 1798 701; baseline 0.001 -12"><span class='ocrx_word' id='word_1_66' title='bbox 331 658 411 697; x_wconf 85' lang='lat' dir='ltr'><strong>Quis</strong></span> <span class='ocrx_word' id='word_1_67' title='bbox 428 664 501 689; x_wconf 77' lang='lat' dir='ltr'><strong>ante</strong></span> <span class='ocrx_word' id='word_1_68' title='bbox 522 657 688 689; x_wconf 79' lang='lat' dir='ltr'>biennium</span> <span class='ocrx_word' id='word_1_69' title='bbox 704 681 713 695; x_wconf 94' lang='lat'><em>‚</em></span> <span class='ocrx_word' id='word_1_70' title='bbox 737 668 811 688; x_wconf 86' lang='lat' dir='ltr'><strong>curn</strong></span> <span class='ocrx_word' id='word_1_71' title='bbox 836 659 879 689; x_wconf 89' lang='lat' dir='ltr'><strong>Te</strong></span> <span class='ocrx_word' id='word_1_72' title='bbox 904 657 1000 689; x_wconf 81' lang='lat' dir='ltr'><strong>undis</strong></span> <span class='ocrx_word' id='word_1_73' title='bbox 1018 657 1082 689; x_wconf 87' lang='lat' dir='ltr'><strong>fere</strong></span> <span class='ocrx_word' id='word_1_74' title='bbox 1097 659 1217 701; x_wconf 81' lang='lat' dir='ltr'>mergi,</span> <span class='ocrx_word' id='word_1_75' title='bbox 1240 669 1331 701; x_wconf 81' lang='lat' dir='ltr'>aegre</span> <span class='ocrx_word' id='word_1_76' title='bbox 1350 659 1452 701; x_wconf 86' lang='lat' dir='ltr'><strong>eripi,</strong></span> <span class='ocrx_word' id='word_1_77' title='bbox 1477 670 1544 690; x_wconf 91' lang='lat' dir='ltr'><strong>non</strong></span> <span class='ocrx_word' id='word_1_78' title='bbox 1565 659 1638 690; x_wconf 82' lang='lat' dir='ltr'><strong>sine</strong></span> <span class='ocrx_word' id='word_1_79' title='bbox 1653 661 1798 690; x_wconf 67' lang='lat' dir='ltr'><strong>maxim</strong></span> 
     </span>
     <span class='ocr_line' id='line_1_9' title="bbox 332 713 1788 758; baseline 0.001 -14"><span class='ocrx_word' id='word_1_80' title='bbox 332 714 431 745; x_wconf 80' lang='lat' dir='ltr'><strong>animi</strong></span> <span class='ocrx_word' id='word_1_81' title='bbox 448 724 522 745; x_wconf 90' lang='lat' dir='ltr'><strong>cum</strong></span> <span class='ocrx_word' id='word_1_82' title='bbox 536 714 692 745; x_wconf 78' lang='lat' dir='ltr'><strong>anxietate</strong></span> <span class='ocrx_word' id='word_1_83' title='bbox 710 720 778 744; x_wconf 92' lang='lat' dir='ltr'><strong>tum</strong></span> <span class='ocrx_word' id='word_1_84' title='bbox 796 713 934 752; x_wconf 80' lang='lat' dir='ltr'><strong>laetitia,</strong></span> <span class='ocrx_word' id='word_1_85' title='bbox 959 713 1100 745; x_wconf 85' lang='lat' dir='ltr'><strong>viderem</strong></span> <span class='ocrx_word' id='word_1_86' title='bbox 1110 737 1122 752; x_wconf 18' lang='lat' dir='ltr'><strong>,v</strong></span> <span class='ocrx_word' id='word_1_87' title='bbox 1133 721 1187 745; x_wconf 86' lang='lat' dir='ltr'><strong>aut</strong></span> <span class='ocrx_word' id='word_1_88' title='bbox 1205 715 1276 745; x_wconf 87' lang='lat' dir='ltr'><strong>Tibi</strong></span> <span class='ocrx_word' id='word_1_89' title='bbox 1292 722 1347 746; x_wconf 85' lang='lat' dir='ltr'><strong>aut</strong></span> <span class='ocrx_word' id='word_1_90' title='bbox 1366 716 1446 747; x_wconf 87' lang='lat' dir='ltr'><strong>mihi</strong></span> <span class='ocrx_word' id='word_1_91' title='bbox 1464 715 1686 758; x_wconf 81' lang='lat' dir='ltr'><strong>praedixisset,</strong></span> <span class='ocrx_word' id='word_1_92' title='bbox 1701 715 1788 753; x_wconf 86' lang='lat' dir='ltr'><strong>fore,</strong></span> 
     </span>
     <span class='ocr_line' id='line_1_10' title="bbox 331 769 1795 813; baseline -0.001 -11"><span class='ocrx_word' id='word_1_93' title='bbox 331 777 368 802; x_wconf 83' lang='lat' dir='ltr'><strong>ut</strong></span> <span class='ocrx_word' id='word_1_94' title='bbox 381 777 442 802; x_wconf 86' lang='lat' dir='ltr'><strong>tam</strong></span> <span class='ocrx_word' id='word_1_95' title='bbox 460 770 545 802; x_wconf 84' lang='lat' dir='ltr'><strong>brevi</strong></span> <span class='ocrx_word' id='word_1_96' title='bbox 564 770 717 802; x_wconf 86' lang='lat' dir='ltr'><strong>duntaxat</strong></span> <span class='ocrx_word' id='word_1_97' title='bbox 735 769 841 813; x_wconf 89' lang='lat' dir='ltr'><strong>elapso</strong></span> <span class='ocrx_word' id='word_1_98' title='bbox 856 776 997 813; x_wconf 80' lang='lat' dir='ltr'><strong>tempore</strong></span> <span class='ocrx_word' id='word_1_99' title='bbox 1013 781 1031 802; x_wconf 81' lang='lat' dir='ltr'><strong>a</strong></span> <span class='ocrx_word' id='word_1_100' title='bbox 1046 781 1097 801; x_wconf 92' lang='lat' dir='ltr'><strong>me</strong></span> <span class='ocrx_word' id='word_1_101' title='bbox 1115 770 1317 813; x_wconf 84' lang='lat' dir='ltr'><strong>potissimum</strong></span> <span class='ocrx_word' id='word_1_102' title='bbox 1334 771 1382 801; x_wconf 93' lang='lat' dir='ltr'><strong>Tu</strong></span> <span class='ocrx_word' id='word_1_103' title='bbox 1394 772 1536 813; x_wconf 83' lang='lat' dir='ltr'><strong>praemio</strong></span> <span class='ocrx_word' id='word_1_104' title='bbox 1549 772 1795 805; x_wconf 73' lang='lat' dir='ltr'><strong>ornareris‚cu—</strong></span> 
     </span>
     <span class='ocr_line' id='line_1_11' title="bbox 329 825 1793 869; baseline -0.002 -12"><span class='ocrx_word' id='word_1_105' title='bbox 329 828 380 869; x_wconf 77' lang='lat' dir='ltr'><strong>jus</strong></span> <span class='ocrx_word' id='word_1_106' title='bbox 392 837 452 868; x_wconf 85' lang='lat' dir='ltr'><strong>ego</strong></span> <span class='ocrx_word' id='word_1_107' title='bbox 470 828 609 865; x_wconf 86' lang='lat' dir='ltr'><strong>Patrem,</strong></span> <span class='ocrx_word' id='word_1_108' title='bbox 631 828 756 864; x_wconf 90' lang='lat' dir='ltr'><strong>virum,</strong></span> <span class='ocrx_word' id='word_1_109' title='bbox 780 825 925 857; x_wconf 85' lang='lat' dir='ltr'><strong>salutaris</strong></span> <span class='ocrx_word' id='word_1_110' title='bbox 942 827 1018 856; x_wconf 88' lang='lat' dir='ltr'><strong>artis</strong></span> <span class='ocrx_word' id='word_1_111' title='bbox 1039 825 1264 867; x_wconf 81' lang='lat' dir='ltr'><strong>peritissimum</strong></span> <span class='ocrx_word' id='word_1_112' title='bbox 1276 848 1286 862; x_wconf 87' lang='lat'><strong>‚</strong></span> <span class='ocrx_word' id='word_1_113' title='bbox 1310 825 1627 857; x_wconf 78' lang='lat' dir='ltr'><strong>Boterodamenscbus</strong></span> <span class='ocrx_word' id='word_1_114' title='bbox 1646 827 1724 857; x_wconf 85' lang='lat' dir='ltr'><strong>meis</strong></span> <span class='ocrx_word' id='word_1_115' title='bbox 1741 835 1793 857; x_wconf 80' lang='lat' dir='ltr'><strong>ca.</strong></span> 
     </span>
     <span class='ocr_line' id='line_1_12' title="bbox 333 881 1797 926; baseline -0.001 -12"><span class='ocrx_word' id='word_1_116' title='bbox 333 883 494 914; x_wconf 62' lang='lat' dir='ltr'><strong>vissimum</strong></span> <span class='ocrx_word' id='word_1_117' title='bbox 511 904 521 921; x_wconf 90' lang='lat'>‚</span> <span class='ocrx_word' id='word_1_118' title='bbox 546 882 673 926; x_wconf 88' lang='lat' dir='ltr'><strong>publice</strong></span> <span class='ocrx_word' id='word_1_119' title='bbox 693 881 856 925; x_wconf 88' lang='lat' dir='ltr'><strong>quondam</strong></span> <span class='ocrx_word' id='word_1_120' title='bbox 874 882 908 913; x_wconf 89' lang='lat' dir='ltr'><strong>in</strong></span> <span class='ocrx_word' id='word_1_121' title='bbox 934 883 1002 925; x_wconf 83' lang='lat' dir='ltr'><strong>ipsa</strong></span> <span class='ocrx_word' id='word_1_122' title='bbox 1027 881 1171 912; x_wconf 80' lang='lat' dir='ltr'><strong>Civitatis</strong></span> <span class='ocrx_word' id='word_1_123' title='bbox 1198 881 1309 919; x_wconf 81' lang='lat' dir='ltr'><strong>Curia,</strong></span> <span class='ocrx_word' id='word_1_124' title='bbox 1333 881 1373 912; x_wconf 82' lang='lat' dir='ltr'><strong>ab</strong></span> <span class='ocrx_word' id='word_1_125' title='bbox 1397 892 1450 920; x_wconf 85' lang='lat' dir='ltr'><strong>eo,</strong></span> <span class='ocrx_word' id='word_1_126' title='bbox 1475 883 1617 923; x_wconf 87' lang='lat' dir='ltr'><strong>quitum</strong></span> <span class='ocrx_word' id='word_1_127' title='bbox 1639 883 1797 925; x_wconf 66' lang='lat' dir='ltr'><strong>temporis</strong></span> 
     </span>
     <span class='ocr_line' id='line_1_13' title="bbox 331 937 1799 982; baseline -0.002 -11"><span class='ocrx_word' id='word_1_128' title='bbox 331 939 465 982; x_wconf 79' lang='lat' dir='ltr'><strong>Regioni</strong></span> <span class='ocrx_word' id='word_1_129' title='bbox 480 938 654 982; x_wconf 74' lang='lat' dir='ltr'><strong>praefectus</strong></span> <span class='ocrx_word' id='word_1_130' title='bbox 674 945 760 977; x_wconf 86' lang='lat' dir='ltr'><strong>erat,</strong></span> <span class='ocrx_word' id='word_1_131' title='bbox 784 937 936 970; x_wconf 82' lang='lat' dir='ltr'><strong>omnibus</strong></span> <span class='ocrx_word' id='word_1_132' title='bbox 953 937 1179 981; x_wconf 72' lang='lat' dir='ltr'><strong>plaudentibus</strong></span> <span class='ocrx_word' id='word_1_133' title='bbox 1191 961 1199 977; x_wconf 94' lang='lat'><em>‚</em></span> <span class='ocrx_word' id='word_1_134' title='bbox 1211 939 1356 970; x_wconf 84' lang='lat' dir='ltr'><strong>coronari</strong></span> <span class='ocrx_word' id='word_1_135' title='bbox 1367 960 1379 978; x_wconf 88' lang='lat'><strong>‚</strong></span> <span class='ocrx_word' id='word_1_136' title='bbox 1403 949 1471 969; x_wconf 85' lang='lat' dir='ltr'><strong>non</strong></span> <span class='ocrx_word' id='word_1_137' title='bbox 1489 940 1557 970; x_wconf 87' lang='lat' dir='ltr'><strong>sine</strong></span> <span class='ocrx_word' id='word_1_138' title='bbox 1567 939 1687 981; x_wconf 85' lang='lat' dir='ltr'><strong>insigni</strong></span> <span class='ocrx_word' id='word_1_139' title='bbox 1703 938 1799 969; x_wconf 77' lang='lat' dir='ltr'><strong>laeti--</strong></span> 
     </span>
     <span class='ocr_line' id='line_1_14' title="bbox 329 993 1792 1038; baseline -0.001 -11"><span class='ocrx_word' id='word_1_140' title='bbox 329 998 394 1033; x_wconf 71' lang='lat' dir='ltr'><strong>tia,</strong></span> <span class='ocrx_word' id='word_1_141' title='bbox 418 996 506 1027; x_wconf 76' lang='lat' dir='ltr'><strong>vidi?</strong></span> <span class='ocrx_word' id='word_1_142' title='bbox 548 997 641 1028; x_wconf 82' lang='lat' dir='ltr'><strong>Tanti</strong></span> <span class='ocrx_word' id='word_1_143' title='bbox 666 1003 701 1028; x_wconf 91' lang='lat' dir='ltr'><strong>tu</strong></span> <span class='ocrx_word' id='word_1_144' title='bbox 719 997 862 1029; x_wconf 73' lang='lat' dir='ltr'><strong>Parentis</strong></span> <span class='ocrx_word' id='word_1_145' title='bbox 884 996 1015 1038; x_wconf 81' lang='lat' dir='ltr'><strong>vestigia</strong></span> <span class='ocrx_word' id='word_1_146' title='bbox 1035 995 1136 1038; x_wconf 86' lang='lat' dir='ltr'><strong>legere</strong></span> <span class='ocrx_word' id='word_1_147' title='bbox 1157 1005 1262 1038; x_wconf 84' lang='lat' dir='ltr'><strong>perge.</strong></span> <span class='ocrx_word' id='word_1_148' title='bbox 1311 996 1362 1026; x_wconf 84' lang='lat' dir='ltr'><strong>Sic</strong></span> <span class='ocrx_word' id='word_1_149' title='bbox 1383 994 1621 1038; x_wconf 74' lang='lat' dir='ltr'><strong>aegrotantibus</strong></span> <span class='ocrx_word' id='word_1_150' title='bbox 1630 1017 1646 1035; x_wconf 90' lang='lat'><strong>,.</strong></span> <span class='ocrx_word' id='word_1_151' title='bbox 1661 1001 1696 1026; x_wconf 83' lang='lat' dir='ltr'><strong>ut</strong></span> <span class='ocrx_word' id='word_1_152' title='bbox 1713 993 1792 1037; x_wconf 42' lang='lat' dir='ltr'><strong>*inq</strong></span> 
     </span>
     <span class='ocr_line' id='line_1_15' title="bbox 330 1045 1767 1095; baseline -0.001 -12"><span class='ocrx_word' id='word_1_153' title='bbox 330 1052 444 1084; x_wconf 80' lang='lat' dir='ltr'><strong>solatio</strong></span> <span class='ocrx_word' id='word_1_154' title='bbox 465 1053 547 1091; x_wconf 80' lang='lat' dir='ltr'><strong>eris,</strong></span> <span class='ocrx_word' id='word_1_155' title='bbox 572 1052 874 1095; x_wconf 72' lang='lat' dir='ltr'><strong>honestissimeque</strong></span> <span class='ocrx_word' id='word_1_156' title='bbox 897 1053 994 1084; x_wconf 78' lang='lat' dir='ltr'><strong>Genti</strong></span> <span class='ocrx_word' id='word_1_157' title='bbox 1017 1058 1091 1084; x_wconf 85' lang='lat' dir='ltr'><strong>tuae</strong></span> <span class='ocrx_word' id='word_1_158' title='bbox 1112 1052 1220 1084; x_wconf 84' lang='lat' dir='ltr'><strong>decori</strong></span> <span class='ocrx_word' id='word_1_159' title='bbox 1242 1059 1274 1085; x_wconf 83' lang='lat' dir='ltr'><strong>et</strong></span> <span class='ocrx_word' id='word_1_160' title='bbox 1298 1045 1448 1085; x_wconf 64' lang='lat' dir='ltr'><strong>bonnm:</strong></span> <span class='ocrx_word' id='word_1_161' title='bbox 1763 1054 1767 1058; x_wconf 89' lang='lat'><em>&#39;</em></span> 
     </span>
    </p>
   </div>
   <div class='ocr_carea' id='block_1_3' title="bbox 326 1160 1844 1936">
    <p class='ocr_par' dir='ltr' id='par_1_3' title="bbox 326 1160 1844 1936">
     <span class='ocr_line' id='line_1_16' title="bbox 374 1160 1806 1202; baseline -0.001 -9"><span class='ocrx_word' id='word_1_162' title='bbox 374 1164 538 1202; x_wconf 83' lang='lat' dir='ltr'><strong>Quaenam</strong></span> <span class='ocrx_word' id='word_1_163' title='bbox 565 1161 642 1193; x_wconf 86' lang='lat' dir='ltr'><strong>haec</strong></span> <span class='ocrx_word' id='word_1_164' title='bbox 669 1168 717 1194; x_wconf 83' lang='lat' dir='ltr'><strong>est</strong></span> <span class='ocrx_word' id='word_1_165' title='bbox 745 1167 799 1193; x_wconf 86' lang='lat' dir='ltr'><strong>tua</strong></span> <span class='ocrx_word' id='word_1_166' title='bbox 821 1161 970 1200; x_wconf 84' lang='lat' dir='ltr'><strong>audacia,</strong></span> <span class='ocrx_word' id='word_1_167' title='bbox 1008 1164 1256 1195; x_wconf 60' lang='lat' dir='ltr'><strong>son-nense?</strong></span> <span class='ocrx_word' id='word_1_168' title='bbox 1291 1165 1330 1195; x_wconf 92' lang='lat' dir='ltr'><strong>In</strong></span> <span class='ocrx_word' id='word_1_169' title='bbox 1362 1169 1521 1195; x_wconf 82' lang='lat' dir='ltr'><strong>certamen</strong></span> <span class='ocrx_word' id='word_1_170' title='bbox 1552 1161 1690 1200; x_wconf 78' lang='lat' dir='ltr'><strong>rediisti,</strong></span> <span class='ocrx_word' id='word_1_171' title='bbox 1720 1160 1806 1193; x_wconf 75' lang='lat' dir='ltr'><strong>licet-</strong></span> 
     </span>
     <span class='ocr_line' id='line_1_17' title="bbox 329 1217 1808 1260; baseline 0.001 -12"><span class='ocrx_word' id='word_1_172' title='bbox 329 1222 493 1260; x_wconf 80' lang='lat' dir='ltr'><strong>superiore</strong></span> <span class='ocrx_word' id='word_1_173' title='bbox 516 1228 603 1248; x_wconf 87' lang='lat' dir='ltr'><strong>anno</strong></span> <span class='ocrx_word' id='word_1_174' title='bbox 625 1217 666 1249; x_wconf 85' lang='lat' dir='ltr'><strong>ab</strong></span> <span class='ocrx_word' id='word_1_175' title='bbox 690 1229 1010 1250; x_wconf 69' lang='lat' dir='ltr'><strong>urmzunnomno</strong></span> <span class='ocrx_word' id='word_1_176' title='bbox 1031 1221 1160 1251; x_wconf 77' lang='lat' dir='ltr'><strong>victus?</strong></span> <span class='ocrx_word' id='word_1_177' title='bbox 1202 1222 1274 1252; x_wconf 88' lang='lat' dir='ltr'><strong>Non</strong></span> <span class='ocrx_word' id='word_1_178' title='bbox 1293 1221 1356 1252; x_wconf 92' lang='lat' dir='ltr'><strong>hoc</strong></span> <span class='ocrx_word' id='word_1_179' title='bbox 1380 1219 1593 1252; x_wconf 86' lang='lat' dir='ltr'><strong>infortunium</strong></span> <span class='ocrx_word' id='word_1_180' title='bbox 1612 1221 1660 1250; x_wconf 82' lang='lat' dir='ltr'><strong>Te</strong></span> <span class='ocrx_word' id='word_1_181' title='bbox 1678 1218 1717 1250; x_wconf 88' lang='lat' dir='ltr'><strong>ab</strong></span> <span class='ocrx_word' id='word_1_182' title='bbox 1733 1220 1808 1250; x_wconf 52' lang='lat' dir='ltr'><strong>iter</strong></span> 
     </span>
     <span class='ocr_line' id='line_1_18' title="bbox 330 1274 1811 1319; baseline 0.001 -13"><span class='ocrx_word' id='word_1_183' title='bbox 330 1286 402 1307; x_wconf 87' lang='lat' dir='ltr'><strong>rum</strong></span> <span class='ocrx_word' id='word_1_184' title='bbox 429 1276 578 1307; x_wconf 76' lang='lat' dir='ltr'><strong>tentanda</strong></span> <span class='ocrx_word' id='word_1_185' title='bbox 603 1275 701 1319; x_wconf 88' lang='lat' dir='ltr'><strong>hujus</strong></span> <span class='ocrx_word' id='word_1_186' title='bbox 727 1277 802 1309; x_wconf 86' lang='lat' dir='ltr'><strong>belli</strong></span> <span class='ocrx_word' id='word_1_187' title='bbox 837 1277 965 1309; x_wconf 74' lang='lat' dir='ltr'><strong>fortuna</strong></span> <span class='ocrx_word' id='word_1_188' title='bbox 994 1277 1186 1311; x_wconf 78' lang='lat' dir='ltr'><strong>absterruit?</strong></span> <span class='ocrx_word' id='word_1_189' title='bbox 1229 1280 1287 1315; x_wconf 75' lang='lat' dir='ltr'><strong>At,</strong></span> <span class='ocrx_word' id='word_1_190' title='bbox 1320 1276 1474 1313; x_wconf 82' lang='lat' dir='ltr'><strong>audaces,</strong></span> <span class='ocrx_word' id='word_1_191' title='bbox 1507 1276 1630 1318; x_wconf 83' lang='lat' dir='ltr'><strong>inquis,</strong></span> <span class='ocrx_word' id='word_1_192' title='bbox 1662 1274 1811 1307; x_wconf 63' lang='lat' dir='ltr'><strong>fortuna·</strong></span> 
     </span>
     <span class='ocr_line' id='line_1_19' title="bbox 327 1330 1798 1373; baseline -0.001 -11"><span class='ocrx_word' id='word_1_193' title='bbox 327 1332 429 1373; x_wconf 75' lang='lat' dir='ltr'><strong>juvat.</strong></span> <span class='ocrx_word' id='word_1_194' title='bbox 473 1334 549 1363; x_wconf 85' lang='lat' dir='ltr'><strong>Esto</strong></span> <span class='ocrx_word' id='word_1_195' title='bbox 572 1343 657 1365; x_wconf 87' lang='lat' dir='ltr'><strong>sane.</strong></span> <span class='ocrx_word' id='word_1_196' title='bbox 702 1334 777 1365; x_wconf 88' lang='lat' dir='ltr'><strong>Non</strong></span> <span class='ocrx_word' id='word_1_197' title='bbox 807 1339 911 1365; x_wconf 81' lang='lat' dir='ltr'><strong>tamen</strong></span> <span class='ocrx_word' id='word_1_198' title='bbox 941 1335 1061 1365; x_wconf 80' lang='lat' dir='ltr'><strong>veritus</strong></span> <span class='ocrx_word' id='word_1_199' title='bbox 1085 1345 1139 1372; x_wconf 81' lang='lat' dir='ltr'><strong>es,</strong></span> <span class='ocrx_word' id='word_1_200' title='bbox 1170 1333 1243 1373; x_wconf 92' lang='lat' dir='ltr'><strong>Tu,</strong></span> <span class='ocrx_word' id='word_1_201' title='bbox 1277 1331 1446 1363; x_wconf 80' lang='lat' dir='ltr'><strong>leemidos</strong></span> <span class='ocrx_word' id='word_1_202' title='bbox 1478 1331 1583 1362; x_wconf 84' lang='lat' dir='ltr'><strong>future</strong></span> <span class='ocrx_word' id='word_1_203' title='bbox 1623 1330 1798 1369; x_wconf 46' lang='lat' dir='ltr'><strong>sacerdos?</strong></span> 
     </span>
     <span class='ocr_line' id='line_1_20' title="bbox 330 1379 1794 1433; baseline -0.001 -15"><span class='ocrx_word' id='word_1_204' title='bbox 330 1398 391 1427; x_wconf 84' lang='lat' dir='ltr'><strong>ne,</strong></span> <span class='ocrx_word' id='word_1_205' title='bbox 412 1390 446 1419; x_wconf 90' lang='lat' dir='ltr'><strong>in</strong></span> <span class='ocrx_word' id='word_1_206' title='bbox 469 1385 639 1420; x_wconf 70' lang='lat' dir='ltr'><strong>curvatum</strong></span> <span class='ocrx_word' id='word_1_207' title='bbox 664 1389 895 1432; x_wconf 81' lang='lat' dir='ltr'><strong>quadraturam</strong></span> <span class='ocrx_word' id='word_1_208' title='bbox 924 1390 1136 1433; x_wconf 86' lang='lat' dir='ltr'><strong>inquirendo,</strong></span> <span class='ocrx_word' id='word_1_209' title='bbox 1159 1401 1198 1421; x_wconf 79' lang='lat' dir='ltr'><strong>ex</strong></span> <span class='ocrx_word' id='word_1_210' title='bbox 1223 1389 1334 1420; x_wconf 69' lang='lat' dir='ltr'><strong>Tt&#39;mlo-</strong></span> <span class='ocrx_word' id='word_1_211' title='bbox 1347 1379 1722 1429; x_wconf 41' lang='grc' dir='ltr'><strong>ιὶιιοιίευῖςεέἰιηυ“[ἡβᾷςῩ</strong></span> <span class='ocrx_word' id='word_1_212' title='bbox 1735 1383 1794 1418; x_wconf 77' lang='lat' dir='ltr'><strong>nb·</strong></span> 
     </span>
     <span class='ocr_line' id='line_1_21' title="bbox 329 1442 1844 1492; baseline 0 -19"><span class='ocrx_word' id='word_1_213' title='bbox 329 1454 398 1474; x_wconf 74' lang='lat' dir='ltr'><strong>nae·</strong></span> <span class='ocrx_word' id='word_1_214' title='bbox 421 1443 545 1480; x_wconf 80' lang='lat' dir='ltr'><strong>Codicis</strong></span> <span class='ocrx_word' id='word_1_215' title='bbox 569 1444 610 1475; x_wconf 79' lang='lat' dir='ltr'><strong>de</strong></span> <span class='ocrx_word' id='word_1_216' title='bbox 634 1446 785 1490; x_wconf 74' lang='lat' dir='ltr'><strong>maleficis</strong></span> <span class='ocrx_word' id='word_1_217' title='bbox 805 1453 837 1477; x_wconf 78' lang='lat' dir='ltr'><strong>et</strong></span> <span class='ocrx_word' id='word_1_218' title='bbox 862 1446 1109 1485; x_wconf 63' lang='lat' dir='ltr'><strong>mathematicis,</strong></span> <span class='ocrx_word' id='word_1_219' title='bbox 1139 1445 1339 1489; x_wconf 82' lang='lat' dir='ltr'><strong>aruspicibus</strong></span> <span class='ocrx_word' id='word_1_220' title='bbox 1373 1445 1579 1476; x_wconf 85' lang='lat' dir='ltr'><strong>accensereris</strong></span> <span class='ocrx_word' id='word_1_221' title='bbox 1608 1450 1639 1474; x_wconf 86' lang='lat' dir='ltr'><strong>et</strong></span> <span class='ocrx_word' id='word_1_222' title='bbox 1663 1442 1769 1474; x_wconf 83' lang='lat' dir='ltr'><strong>ariolis</strong></span> <span class='ocrx_word' id='word_1_223' title='bbox 1779 1442 1801 1473; x_wconf 66' lang='grc' dir='ltr'><strong>Ρ·</strong></span> <span class='ocrx_word' id='word_1_224' title='bbox 1839 1488 1844 1492; x_wconf 21' lang='grc' dir='ltr'><strong><em>ῃ</em></strong></span> 
     </span>
     <span class='ocr_line' id='line_1_22' title="bbox 326 1498 1834 1545; baseline -0.001 -14"><span class='ocrx_word' id='word_1_225' title='bbox 326 1501 400 1532; x_wconf 78' lang='lat' dir='ltr'><strong>Non</strong></span> <span class='ocrx_word' id='word_1_226' title='bbox 426 1502 470 1532; x_wconf 90' lang='lat' dir='ltr'><strong>Te</strong></span> <span class='ocrx_word' id='word_1_227' title='bbox 498 1512 770 1534; x_wconf 63' lang='lat' dir='ltr'><strong>nroczzmimii</strong></span> <span class='ocrx_word' id='word_1_228' title='bbox 802 1505 903 1534; x_wconf 81' lang='lat' dir='ltr'><strong>movit</strong></span> <span class='ocrx_word' id='word_1_229' title='bbox 939 1513 1241 1545; x_wconf 55' lang='lat' dir='ltr'><strong>manuumque</strong></span> <span class='ocrx_word' id='word_1_230' title='bbox 1274 1502 1459 1538; x_wconf 79' lang='lat' dir='ltr'><strong>auctoritas,</strong></span> <span class='ocrx_word' id='word_1_231' title='bbox 1500 1513 1514 1529; x_wconf 72' lang='grc' dir='ltr'><strong>α</strong></span> <span class='ocrx_word' id='word_1_232' title='bbox 1537 1506 1637 1531; x_wconf 82' lang='lat' dir='ltr'><strong>artem</strong></span> <span class='ocrx_word' id='word_1_233' title='bbox 1668 1498 1800 1530; x_wconf 63' lang='lat' dir='ltr'><strong>mathew</strong></span> <span class='ocrx_word' id='word_1_234' title='bbox 1832 1518 1834 1520; x_wconf 97' lang='lat'>-</span> 
     </span>
     <span class='ocr_line' id='line_1_23' title="bbox 328 1556 1794 1601; baseline 0.001 -15"><span class='ocrx_word' id='word_1_235' title='bbox 328 1570 344 1585; x_wconf 75' lang='grc' dir='ltr'>ι</span> <span class='ocrx_word' id='word_1_236' title='bbox 365 1558 512 1588; x_wconf 83' lang='lat' dir='ltr'><strong>maticam</strong></span> <span class='ocrx_word' id='word_1_237' title='bbox 529 1557 761 1589; x_wconf 83' lang='lat' dir='ltr'><strong>damnabilem”</strong></span> <span class='ocrx_word' id='word_1_238' title='bbox 783 1560 1086 1601; x_wconf 83' lang='lat' dir='ltr'><strong>pronunciantium,</strong></span> <span class='ocrx_word' id='word_1_239' title='bbox 1121 1573 1138 1589; x_wconf 78' lang='grc' dir='ltr'><strong>ιι</strong></span> <span class='ocrx_word' id='word_1_240' title='bbox 1160 1566 1192 1591; x_wconf 89' lang='lat' dir='ltr'><strong>et</strong></span> <span class='ocrx_word' id='word_1_241' title='bbox 1210 1559 1409 1590; x_wconf 84' lang='lat' dir='ltr'><strong>interdictam</strong></span> <span class='ocrx_word' id='word_1_242' title='bbox 1428 1560 1563 1589; x_wconf 82' lang='lat' dir='ltr'><strong>omnino</strong></span> <span class='ocrx_word' id='word_1_243' title='bbox 1575 1557 1613 1588; x_wconf 75' lang='lat' dir='ltr'><strong>i’”</strong></span> <span class='ocrx_word' id='word_1_244' title='bbox 1658 1556 1719 1589; x_wconf 80' lang='lat' dir='ltr'><strong>Sed</strong></span> <span class='ocrx_word' id='word_1_245' title='bbox 1740 1559 1794 1589; x_wconf 85' lang='lat' dir='ltr'><strong>in·</strong></span> 
     </span>
     <span class='ocr_line' id='line_1_24' title="bbox 328 1612 1812 1658; baseline 0.001 -16"><span class='ocrx_word' id='word_1_246' title='bbox 328 1612 459 1655; x_wconf 73' lang='lat' dir='ltr'><strong>teliigo‚</strong></span> <span class='ocrx_word' id='word_1_247' title='bbox 474 1615 517 1644; x_wconf 89' lang='lat' dir='ltr'><strong>Te</strong></span> <span class='ocrx_word' id='word_1_248' title='bbox 537 1624 596 1645; x_wconf 83' lang='lat' dir='ltr'><strong>nec</strong></span> <span class='ocrx_word' id='word_1_249' title='bbox 615 1614 884 1657; x_wconf 61' lang='lat' dir='ltr'><strong>ludicrae7quam</strong></span> <span class='ocrx_word' id='word_1_250' title='bbox 906 1617 1113 1658; x_wconf 81' lang='lat' dir='ltr'><strong>Imperatores</strong></span> <span class='ocrx_word' id='word_1_251' title='bbox 1131 1615 1345 1650; x_wconf 79' lang='lat' dir='ltr'><strong>damnabant,</strong></span> <span class='ocrx_word' id='word_1_252' title='bbox 1370 1618 1429 1645; x_wconf 79' lang='lat' dir='ltr'><strong>arti</strong></span> <span class='ocrx_word' id='word_1_253' title='bbox 1451 1613 1632 1652; x_wconf 75' lang='lat' dir='ltr'><strong>addictum,</strong></span> <span class='ocrx_word' id='word_1_254' title='bbox 1651 1620 1682 1644; x_wconf 87' lang='lat' dir='ltr'><strong>et</strong></span> <span class='ocrx_word' id='word_1_255' title='bbox 1700 1614 1792 1656; x_wconf 56' lang='lat' dir='ltr'><strong>pmei</strong></span> <span class='ocrx_word' id='word_1_256' title='bbox 1805 1625 1812 1633; x_wconf 65' lang='lat'><strong><em>¹</em></strong></span> 
     </span>
     <span class='ocr_line' id='line_1_25' title="bbox 328 1670 1796 1712; baseline 0.001 -14"><span class='ocrx_word' id='word_1_257' title='bbox 328 1675 421 1710; x_wconf 78' lang='lat' dir='ltr'><strong>cepto</strong></span> <span class='ocrx_word' id='word_1_258' title='bbox 444 1670 552 1699; x_wconf 84' lang='lat' dir='ltr'><strong>eximii</strong></span> <span class='ocrx_word' id='word_1_259' title='bbox 574 1671 786 1712; x_wconf 84' lang='lat' dir='ltr'><strong>Praeceptoris</strong></span> <span class='ocrx_word' id='word_1_260' title='bbox 811 1672 871 1709; x_wconf 85' lang='lat' dir='ltr'><strong>tui,</strong></span> <span class='ocrx_word' id='word_1_261' title='bbox 894 1681 1262 1711; x_wconf 60' lang='lat' dir='ltr'><strong>snrnmzzununcu,</strong></span> <span class='ocrx_word' id='word_1_262' title='bbox 1286 1671 1473 1702; x_wconf 77' lang='lat' dir='ltr'><strong>obsecutum</strong></span> <span class='ocrx_word' id='word_1_263' title='bbox 1491 1680 1575 1708; x_wconf 81' lang='lat' dir='ltr'><strong>esse,</strong></span> <span class='ocrx_word' id='word_1_264' title='bbox 1599 1680 1683 1712; x_wconf 87' lang='lat' dir='ltr'><strong>quo,</strong></span> <span class='ocrx_word' id='word_1_265' title='bbox 1714 1681 1728 1697; x_wconf 73' lang='grc' dir='ltr'><strong>α</strong></span> <span class='ocrx_word' id='word_1_266' title='bbox 1752 1675 1796 1701; x_wconf 88' lang='lat' dir='ltr'><strong>ut-</strong></span> 
     </span>
     <span class='ocr_line' id='line_1_26' title="bbox 327 1725 1796 1770; baseline 0.001 -15"><span class='ocrx_word' id='word_1_267' title='bbox 327 1737 342 1752; x_wconf 75' lang='lat'><strong>«</strong></span> <span class='ocrx_word' id='word_1_268' title='bbox 366 1725 601 1768; x_wconf 74' lang='lat' dir='ltr'><strong>Philosophiam</strong></span> <span class='ocrx_word' id='word_1_269' title='bbox 630 1727 826 1770; x_wconf 82' lang='lat' dir='ltr'><strong>conjungere</strong></span> <span class='ocrx_word' id='word_1_270' title='bbox 844 1738 923 1758; x_wconf 89' lang='lat' dir='ltr'><strong>curn-</strong></span> <span class='ocrx_word' id='word_1_271' title='bbox 938 1728 1046 1760; x_wconf 86' lang='lat' dir='ltr'><strong>studio</strong></span> <span class='ocrx_word' id='word_1_272' title='bbox 1074 1730 1159 1761; x_wconf 82' lang='lat' dir='ltr'><strong>Juris</strong></span> <span class='ocrx_word' id='word_1_273' title='bbox 1185 1727 1313 1764; x_wconf 80' lang='lat' dir='ltr'><strong>Civitis,</strong></span> <span class='ocrx_word' id='word_1_274' title='bbox 1346 1737 1435 1757; x_wconf 86' lang='lat' dir='ltr'><strong>more</strong></span> <span class='ocrx_word' id='word_1_275' title='bbox 1460 1732 1602 1757; x_wconf 83' lang='lat' dir='ltr'><strong>veterum</strong></span> <span class='ocrx_word' id='word_1_276' title='bbox 1626 1726 1796 1757; x_wconf 68' lang='lat' dir='ltr'><strong>Juriscou·</strong></span> 
     </span>
     <span class='ocr_line' id='line_1_27' title="bbox 327 1779 1790 1828; baseline 0.001 -18"><span class='ocrx_word' id='word_1_277' title='bbox 327 1792 342 1808; x_wconf 84' lang='lat'>‹</span> <span class='ocrx_word' id='word_1_278' title='bbox 366 1779 522 1811; x_wconf 78' lang='lat' dir='ltr'><strong>sultorum</strong></span> <span class='ocrx_word' id='word_1_279' title='bbox 540 1805 550 1822; x_wconf 92' lang='lat'><strong>,</strong></span> <span class='ocrx_word' id='word_1_280' title='bbox 575 1782 763 1825; x_wconf 79' lang='lat' dir='ltr'><strong>pergeres‚‘&#39;&#39;</strong></span> <span class='ocrx_word' id='word_1_281' title='bbox 795 1794 833 1814; x_wconf 84' lang='lat' dir='ltr'><strong>ex</strong></span> <span class='ocrx_word' id='word_1_282' title='bbox 863 1787 933 1826; x_wconf 87' lang='lat' dir='ltr'><strong>ipso</strong></span> <span class='ocrx_word' id='word_1_283' title='bbox 958 1784 1019 1816; x_wconf 89' lang='lat' dir='ltr'><strong>hoc</strong></span> <span class='ocrx_word' id='word_1_284' title='bbox 1045 1785 1116 1816; x_wconf 89' lang='lat' dir='ltr'><strong>loco</strong></span> <span class='ocrx_word' id='word_1_285' title='bbox 1139 1786 1324 1828; x_wconf 82' lang='lat' dir='ltr'><strong>gravissime</strong></span> <span class='ocrx_word' id='word_1_286' title='bbox 1359 1785 1403 1814; x_wconf 89' lang='lat' dir='ltr'><strong>Te</strong></span> <span class='ocrx_word' id='word_1_287' title='bbox 1426 1784 1562 1814; x_wconf 78' lang='lat' dir='ltr'><strong>monuit.</strong></span> <span class='ocrx_word' id='word_1_288' title='bbox 1608 1783 1710 1824; x_wconf 85' lang='lat' dir='ltr'><strong>Hujus</strong></span> <span class='ocrx_word' id='word_1_289' title='bbox 1727 1791 1790 1824; x_wconf 84' lang='lat' dir='ltr'><strong>ego</strong></span> 
     </span>
     <span class='ocr_line' id='line_1_28' title="bbox 328 1837 1795 1885; baseline 0.003 -20"><span class='ocrx_word' id='word_1_290' title='bbox 328 1837 394 1866; x_wconf 80' lang='lat' dir='ltr'><strong>Viri</strong></span> <span class='ocrx_word' id='word_1_291' title='bbox 423 1837 521 1868; x_wconf 86' lang='lat' dir='ltr'><strong>nolim</strong></span> <span class='ocrx_word' id='word_1_292' title='bbox 546 1839 677 1869; x_wconf 83' lang='lat' dir='ltr'><strong>monitis</strong></span> <span class='ocrx_word' id='word_1_293' title='bbox 696 1845 728 1869; x_wconf 88' lang='lat' dir='ltr'><strong>et</strong></span> <span class='ocrx_word' id='word_1_294' title='bbox 752 1841 932 1872; x_wconf 78' lang='lat' dir='ltr'><strong>auctoritati</strong></span> <span class='ocrx_word' id='word_1_295' title='bbox 956 1840 1147 1885; x_wconf 86' lang='lat' dir='ltr'><strong>obstrepere.</strong></span> <span class='ocrx_word' id='word_1_296' title='bbox 1192 1841 1324 1883; x_wconf 78' lang='lat' dir='ltr'><strong>Porrigo</strong></span> <span class='ocrx_word' id='word_1_297' title='bbox 1350 1850 1464 1871; x_wconf 81' lang='lat' dir='ltr'><strong>aurum</strong></span> <span class='ocrx_word' id='word_1_298' title='bbox 1482 1839 1574 1881; x_wconf 85' lang='lat' dir='ltr'><strong>Tibi,</strong></span> <span class='ocrx_word' id='word_1_299' title='bbox 1608 1849 1643 1871; x_wconf 88' lang='lat' dir='ltr'><strong>ac</strong></span> <span class='ocrx_word' id='word_1_300' title='bbox 1670 1838 1709 1871; x_wconf 89' lang='lat' dir='ltr'><strong>de</strong></span> <span class='ocrx_word' id='word_1_301' title='bbox 1736 1848 1795 1870; x_wconf 84' lang='lat' dir='ltr'><strong>re·-</strong></span> 
     </span>
     <span class='ocr_line' id='line_1_29' title="bbox 329 1893 778 1936; baseline 0.013 -15"><span class='ocrx_word' id='word_1_302' title='bbox 329 1898 448 1932; x_wconf 80' lang='lat' dir='ltr'><strong>poitata</strong></span> <span class='ocrx_word' id='word_1_303' title='bbox 472 1893 613 1936; x_wconf 78' lang='lat' dir='ltr'><strong>gratulor</strong></span> <span class='ocrx_word' id='word_1_304' title='bbox 635 1895 778 1928; x_wconf 79' lang='lat' dir='ltr'><strong>victoria.</strong></span> 
     </span>
    </p>
   </div>
   <div class='ocr_carea' id='block_1_4' title="bbox 1751 2007 1794 2039">
    <p class='ocr_par' dir='ltr' id='par_1_4' title="bbox 1751 2007 1794 2039">
     <span class='ocr_line' id='line_1_30' title="bbox 1751 2007 1794 2039; baseline 0.023 -1"><span class='ocrx_word' id='word_1_305' title='bbox 1751 2007 1794 2039; x_wconf 73' lang='lat' dir='ltr'><strong>ln</strong></span> 
     </span>
    </p>
   </div>
  </div>
 </body>
</html>
