1946 2517
379 169 604 201 RESPONSIO
622 177 663 199 An
687 165 988 206 QUAESTIONEM
1009 166 1327 198 THEOLOGICAM.
1583 177 1602 210 7

98 265 203 287 munus
231 252 353 284 docendi
380 252 416 281 iis
441 253 640 281 demandatum
666 251 771 279 fuisse.
818 249 923 285 Neque
945 249 1173 286 praetervidenda
1205 256 1296 286 sunt,
1326 257 1398 284 quae
1427 258 1454 278 c,
1477 259 1600 290 12-17

97 309 312 346 adjunguntur:
336 305 370 333 de
396 304 515 332 docendi
540 311 654 332 munere
676 302 718 330 ibi
744 300 836 328 adhuc
859 308 1016 329 sermonem
1044 309 1126 337 esse,
1148 301 1260 329 nullum
1285 308 1328 328 est
1349 300 1490 329 dubium:
1514 302 1602 337 idque

96 358 194 387 habita
225 357 340 392 quidem
371 356 481 384 ratione
508 355 686 383 diversorum
722 353 872 385 ordinum,
909 352 959 387 qui
988 360 1016 380 c.
1043 360 1074 381 11
1106 352 1237 381 recensiti
1268 360 1387 387 essent,
1420 359 1504 388 atque
1530 353 1599 382 adeo

95 410 177 440 etiam
195 415 348 447 pastorum
375 416 449 443 quos
475 407 603 442 dixerat,
632 412 718 440 atque
741 403 889 432 doctorum
912 404 998 440 (7).

133 460 277 489 Addimus
301 458 422 497 deniqne:
441 458 537 487 locum
559 457 652 486 Hebr.
673 455 758 484 XIII:
781 465 816 491 7,
837 455 887 483 ubi
902 455 935 483 de
956 455 1110 490 ἡγουμένοις
1132 453 1237 491 (iidem
1255 455 1304 490 qui
1326 455 1355 484 in
1377 455 1443 501 loco
1468 465 1480 486 1
1495 455 1601 487 Thess,

95 510 144 540 V:
162 519 195 540 12
216 510 352 539 dicuntur
371 510 579 547 προϊστάμενοι,
608 507 676 536 alibi
697 507 871 544 πρεσβύτεροι
891 505 937 534 vel
957 505 1119 542 ἐπίσκοποι)
1149 505 1251 534 diserte
1269 507 1465 542 praedicatur:
1485 509 1510 537 οἱ
1538 509 1606 539 ἐλαί·

99 569 186 596 auvam
209 562 272 598 ὑμῖν
292 563 339 591 τὸν
358 561 437 596 λόγον
456 563 502 591 τοῦ
523 562 592 590 θεοῦ.

134 613 196 642 Alii
219 613 248 641 in
272 612 344 640 hanc
373 620 485 640 causam
511 611 668 639 attulerunt
692 609 774 638 etiam
800 609 898 637 locum
922 609 1009 637 modo
1031 608 1081 639 cit.
1104 607 1239 639 1Thess.
1264 611 1314 639 V:
1341 618 1395 645 12,
1426 610 1476 639 ubi
1502 613 1525 642 οἱ
1548 623 1605 642 m.

96 665 231 696 δετοῦντες
255 663 295 691 ita
321 668 397 691 arcte
420 669 627 691 connectantur
645 669 710 689 cum
731 664 788 694 τοῖς
808 662 1031 698 προϊσταμένοις,
1054 667 1086 688 ut
1111 660 1195 689 iidem
1220 660 1341 690 habendi
1361 669 1423 690 esse
1449 663 1604 696 videantur.

96 715 204 744 Vereor
227 721 340 751 tamen,
368 721 400 743 ut
427 722 624 751 argumentum
651 714 720 742 satis
747 713 864 742 evidens
891 712 956 741 inde
979 712 1039 747 peti
1067 712 1175 748 possit.
1224 712 1271 741 Ne
1303 713 1377 742 enim
1404 714 1450 743 hic
1479 716 1607 752 dispute-

96 773 182 801 mus,
202 766 237 793 de
261 773 349 794 sensu
373 765 452 795 verbi
471 768 616 800 νουθετεῖν,
638 765 689 793 ilio
718 771 793 793 certe
819 763 948 792 denotati
972 763 1119 799 officium,
1138 771 1197 792 non
1225 764 1338 800 privum
1364 766 1422 794 illis
1443 768 1609 804 προϊσταμέ-

97 828 171 852 νοις,
202 817 254 845 sed
278 816 413 857 omnibus
440 817 559 846 omnino
583 816 763 846 Christianis
785 814 982 851 imcumbens‚
1012 821 1106 851 patere
1134 815 1248 844 videtur
1273 824 1307 844 ex
1329 817 1429 846 addito
1455 826 1607 856 praecepto

98 876 127 896 c.
148 876 183 906 14
203 869 347 898 νουθετεῖτε
365 871 426 902 τοῦς
446 868 580 901 ἀτάκτους
601 879 629 898 κ.
647 880 675 898 τ.
693 875 723 897 λ.

135 918 249 948 Dubiae
270 919 351 947 etiam
376 918 619 954 interpretationis
641 925 684 946 est
705 918 786 947 locus
806 918 945 947 Paulinus
970 918 1075 947 1Tim.
1098 920 1142 947 V:
1168 927 1215 956 17.

138 969 288 997 Mittimus
308 969 354 997 hic
379 970 597 1005 quaestionem,
618 975 714 997 utrum
736 976 864 1005 tempore
889 970 1103 1005 Apostolorum
1129 969 1233 998 diversi
1263 970 1369 999 fuerint
1393 971 1507 1000 ordines
1530 971 1615 1001 Pres-

96 1021 262 1057 byterorum
280 1022 440 1058 regendum
461 1028 548 1056 atque
567 1021 728 1049 docentium
741 1041 751 1055 ,
773 1021 884 1056 quippe
907 1022 942 1050 ad
960 1029 1073 1051 nostras
1091 1027 1184 1060 partes
1209 1021 1303 1050 minus
1320 1023 1516 1057 pertinentem.
1557 1023 1609 1052 Sin

98 1080 129 1100 ea
153 1072 188 1100 de
212 1080 241 1099 re
265 1078 438 1106 quaeratur,
459 1072 632 1100 remittimus
660 1072 696 1099 ad
717 1071 842 1100 Gablcri
860 1071 942 1100 Diss.
965 1075 1014 1102 cit.
1037 1074 1067 1109 §-
1084 1072 1128 1102 V.

136 1121 278 1158 Apostoli
303 1128 417 1157 autem,
439 1123 521 1151 dotes
550 1120 678 1158 Spiritus
705 1122 803 1151 Sancti
828 1123 1088 1159 extraordinarias,
1117 1125 1225 1160 quibus
1253 1133 1301 1153 eos
1332 1125 1490 1154 instructos
1520 1126 1614 1154 fuisse

100 1173 248 1208 diximus,
270 1172 354 1201 etiam
373 1181 438 1201 cum
460 1173 524 1201 aliis
548 1173 823 1210 communicabant,
841 1174 984 1211 imprimis
1009 1183 1077 1204 vero
1103 1183 1171 1204 cum
1196 1176 1250 1211 iis,
1273 1185 1353 1211 quos
1383 1177 1533 1206 ministros
1555 1178 1612 1206 Ec-

79 1225 205 1258 ,clesiae
229 1224 464 1258 constituerant,
486 1225 562 1252 unde
587 1223 694 1253 factum
715 1230 780 1259 est,
801 1230 834 1252 ut
857 1230 928 1253 tunc
952 1227 1090 1262 temporis
1115 1226 1227 1255 diversa
1256 1227 1393 1262 quaedam
1411 1233 1487 1256 esset
1515 1237 1614 1257 mune-

82 1275 138 1310 >xis
161 1274 236 1304 sacri
259 1274 353 1310 ratio,
372 1282 458 1309 quam
479 1275 577 1307 seriori
603 1281 703 1304 aetate.
751 1275 925 1313 Quanquam
950 1276 1025 1305 enim
1049 1276 1080 1305 in
1102 1276 1261 1313 Religionis
1285 1278 1467 1307 Christianae
1493 1279 1615 1315 primor-

82 1325 154 1363 ‚diis
178 1325 328 1361 multiplex
352 1333 449 1354 earum
470 1324 559 1354 fuerit
585 1327 630 1356 vis
660 1333 687 1354 et
712 1325 918 1356 saluberrimus
947 1336 1042 1362 usus,
1071 1328 1109 1356 ad
1130 1336 1190 1356 eam
1216 1329 1429 1365 propagandam
1454 1336 1482 1358 et
1508 1331 1614 1360 confir-

84 1377 253 1414 jnandam,
274 1384 457 1413 nequaquam
483 1383 579 1405 tamen
602 1377 682 1406 omni
699 1383 788 1406 aetate
810 1378 846 1406 iis
870 1387 950 1415 opus
970 1377 1027 1407 fuit
1053 1380 1089 1407 acl
1113 1380 1174 1416 ejus
1194 1382 1392 1410 auctoritatem
1410 1384 1556 1412 tutandam
1586 1389 1616 1412 et

102 1427 318 1458 stabiliendam.
364 1427 510 1466 Quamdiu
544 1429 575 1456 in
604 1429 738 1458 Ecclesia
772 1430 969 1465 obtinuerint,
996 1436 1128 1459 accurate
1155 1431 1265 1460 definiri
1297 1434 1411 1469 nequit.
1464 1433 1544 1462 Saec.
1569 1436 1614 1464 111

103 1478 196 1507 adhuc
224 1477 388 1507 obtinuisse
411 1478 566 1515 videntur⁷
584 1487 649 1508 cum
673 1480 811 1518 Origenes
836 1481 872 1511 L.
892 1482 904 1510 1
930 1489 1036 1511 contra
1056 1481 1167 1511 Celsum
1188 1490 1286 1510 earum
1309 1483 1480 1512 mentionem
1508 1483 1613 1520 faciat,

102 1536 131 1558 et
152 1529 314 1567 Gregorius
342 1530 598 1560 Neocaesariensis
626 1532 694 1559 hinc
723 1532 961 1570 Thaumatargus
986 1534 1083 1562 dictus
1112 1533 1162 1562 sit.
1211 1532 1343 1562 Labente
1369 1542 1435 1561 vero
1465 1539 1619 1571 tempore,

99 1581 209 1611 sensim
231 1580 394 1617 sensimque
419 1589 466 1609 eas
493 1582 652 1611 cessavisse
676 1583 826 1619 probabile
850 1591 912 1621 est3
948 1592 1025 1614 certe
1045 1586 1125 1614 Saec.
1143 1583 1187 1613 lv
1207 1585 1286 1614 nulla
1309 1584 1433 1620 amplius
1457 1593 1552 1614 earum
1571 1586 1615 1615 iu-

99 1632 175 1661 dicia
194 1632 355 1668 conspicua
377 1632 506 1661 fuerunt.

138 1681 263 1711 Mutatis
294 1683 493 1720 temporibus,
522 1692 576 1719 pro
600 1692 629 1712 re
654 1690 741 1719 nata,
770 1692 803 1714 ut
830 1687 980 1715 universae
1004 1687 1043 1714 rei
1072 1685 1253 1716 Christianae
1277 1687 1316 1716 ita
1339 1693 1368 1716 et
1393 1688 1518 1717 muneris
1543 1689 1620 1717 sacti:

99 1732 209 1761 diversa
237 1730 292 1760 fuit
311 1733 394 1761 ratio.
417 1747 453 1756 —
472 1733 503 1761 In
530 1733 660 1763 Ecclesia
691 1736 861 1771 Apostolica
887 1745 985 1765 omnes
1002 1736 1147 1773 Episcopi
1170 1744 1198 1765 et
1216 1738 1376 1776 Presbyteri
1401 1739 1474 1767 inter
1500 1748 1531 1767 se
1554 1739 1617 1769 fue-

101 1789 169 1811 runt
188 1790 268 1818 pares
278 1803 293 1818 „
312 1783 360 1812 sed
381 1784 437 1820 jam
465 1784 530 1812 inde
553 1793 567 1812 a
592 1784 673 1813 Saec.
692 1784 719 1814 ti
741 1786 885 1822 Episcopi
916 1795 932 1815 a
950 1787 1132 1825 presbyteris
1151 1788 1292 1826 distingui
1319 1797 1346 1818 et
1378 1790 1460 1818 multi
1486 1791 1514 1818 iti
1537 1798 1623 1826 agere:

103 1839 259 1869 coeperunt
270 1854 285 1869 ,¹
302 1839 335 1862 ut
363 1842 430 1870 prae
454 1835 521 1864 aliis.
540 1835 696 1865 eminerent
721 1844 748 1865 et
772 1840 878 1875 majora
904 1838 960 1868 sibi
978 1839 1251 1877 jurarmajoresquel
1274 1840 1425 1870 facultates
1444 1848 1616 1878 arrogarent.

1545 1892 1620 1921 Sub-

136 1965 201 2001 (7)
225 1965 311 1995 Conff·
337 1968 364 1995 S·
381 1968 409 1994 F·
426 1967 464 1995 N·
485 1968 558 1996 Mon·
576 1969 645 1996 dicta
662 1971 689 1997 in
708 1971 779 2000 Dm.
795 1973 833 1998 aaz
845 1972 872 2002 h,
889 1975 907 2002 l.
931 1975 1042 2008 inprimis
1061 1976 1140 2003 Parte
1156 1976 1193 2004 11.
1211 1976 1280 2005 mss.
1300 1976 1359 2008 eJus
1372 1976 1461 2002 meost.
1476 1981 1500 2000 a
1517 1974 1629 2002 Pir-‚rom

101 2012 163 2040 voi.
181 2013 222 2040 ιι.
1588 2038 1590 2041 ,
