1946 2517
294 203 610 236 COMMENTATio
630 212 673 234 At>
694 199 993 241 QUAFSTiox'EM
1016 195 1377 228 MATHEMATicAM.
1557 200 1593 229 53

117 291 178 331 Qui
199 290 280 319 valor
301 289 373 319 idem
396 297 440 319 est
465 298 497 319 ac
524 287 687 317 invenimus
710 294 763 322 pro
788 284 913 320 Ellipsi‚
934 290 1056 320 excepto
1082 284 1184 322 signo3
1211 280 1342 318 adeoque
1364 285 1392 309 et
1414 284 1475 308 area
1494 275 1595 305 Sme-

82 343 122 374 ris
147 341 340 381 Hyperbolici
363 340 449 371 facile
473 347 529 378 ope
555 339 691 368 seriei-um
717 336 838 367 inveniri
863 341 961 374 potest
981 336 1062 377 (1).

389 653 708 695 CAPUT
808 644 1294 695 QUINTUM.

302 783 354 807 ,Β
393 783 687 814 Quantum-una
728 776 1093 803 supnnrlcmnum
1133 772 1385 797 cun-vanuu-

794 914 822 951 ς.
864 920 893 943 ι.

576 996 679 1027 Brevis
699 995 835 1025 Historia
854 994 942 1032 hujus
962 993 1086 1033 Capitis.

94 1052 295 1135 Quamvis,
317 1086 360 1115 uti
380 1086 436 1124 fam
461 1091 525 1115 ante
545 1086 598 1123 (in
615 1084 834 1115 Introductione
856 1089 884 1112 et
910 1083 984 1118 Cap.
1005 1085 1030 1112 Ι.
1052 1082 1079 1118 s.
1101 1081 1140 1118 x)
1160 1079 1285 1109 diximus
1299 1099 1309 1113 ,
1330 1075 1463 1107 inventio
1487 1072 1607 1111 superfi-

92 1140 199 1168 cierum
222 1139 407 1173 Curvatura,
428 1145 500 1173 quae
520 1143 548 1165 et
568 1136 765 1174 complanatio
784 1136 914 1170 dicitur,
934 1135 1049 1171 proprie
1065 1142 1125 1163 non
1147 1132 1279 1160 videatur
1301 1129 1440 1166 pertinere
1458 1127 1493 1156 ad
1510 1127 1606 1155 locum

93 1191 128 1220 de
149 1190 329 1229 Quadratum
354 1189 538 1224 curvarum,
558 1189 686 1224 adeoque
705 1196 756 1217 nec
778 1188 814 1216 ad
838 1187 1035 1224 quaestionem
1061 1175 1267 1222 propositam,
1295 1188 1391 1210 tamen
1417 1179 1456 1208 ob
1483 1178 1607 1207 rationes

92 1241 134 1271 ibi
155 1242 256 1270 allatas
281 1240 358 1269 inam
385 1241 468 1276 plane
494 1240 624 1269 omittere
647 1239 810 1269 noluimus.

137 1292 226 1330 Quod
251 1292 287 1320 ad
312 1292 463 1321 historiam
487 1293 575 1328 hujus
601 1292 659 1321 loci
683 1290 813 1328 adtinet,
842 1298 970 1325 veteres,
999 1287 1067 1324 (uti
1092 1294 1120 1316 et
1146 1286 1220 1316 illud
1251 1293 1339 1322 supra
1373 1283 1408 1312 de
1429 1281 1610 1319 Quadratum

93 1344 258 1374 Curvarum
288 1343 436 1379 planarum
458 1342 724 1382 observavimus),
757 1352 816 1372 non
841 1344 930 1372 multa
955 1342 1168 1378 praestiterunt.
1218 1338 1357 1374 Legimus
1384 1334 1498 1371 quidem
1530 1330 1612 1368 Pap-

90 1402 181 1434 pum,
208 1393 390 1424 Geometram
420 1393 588 1430 Graecum,
615 1395 671 1431 J'am
698 1394 863 1425 definivisse
894 1395 1057 1431 portionem
1082 1390 1244 1428 superficiei
1277 1387 1448 1425 Sphaericae
1479 1383 1613 1412 absolute

95 1445 289 1482 quadrabilem
312 1445 404 1482 (2),
431 1452 458 1473 et
485 1446 684 1476 Archimedem
710 1446 889 1482 superficiem
918 1446 1079 1482 Sphaerae,
1107 1442 1242 1479 cylindri
1271 1447 1298 1469 et
1326 1438 1405 1468 Coni
1429 1434 1614 1465 determinas-

93 1505 146 1531 se,
167 1497 216 1524 sed
237 1497 304 1523 haec
328 1496 484 1531 praecipua
506 1497 640 1525 videntur
664 1497 780 1525 iliorum
806 1497 920 1531 fnisse,
947 1503 1020 1531 quae
1040 1496 1075 1523 ad
1100 1502 1154 1523 nos
1182 1496 1381 1529 pervenerunt.

137 1547 359 1575 Recentioribus
385 1547 586 1582 temporibus,
616 1548 760 1583 imprimis
781 1554 848 1584 post
869 1554 979 1576 renatas
1004 1547 1121 1580 literas,
1142 1544 1228 1573 multi
1256 1543 1356 1576 fuere,
1378 1539 1428 1577 qui
1447 1537 1515 1567 huic
1534 1535 1615 1574 Qua-

96 1599 227 1627 draturae
257 1605 370 1633 operam
400 1599 550 1632 navarint‚
580 1599 620 1627 ita
655 1605 688 1628 ut
721 1600 825 1628 sensim
861 1598 1027 1634 sensimque
1055 1597 1181 1634 plurium
1212 1593 1429 1631 superficierum
1457 1594 1611 1617 curvarum

97 1657 175 1678 areae
197 1650 323 1677 detectae
345 1649 415 1677 sint.
453 1649 604 1685 Principes
631 1650 684 1680 hac
709 1651 738 1680 in
765 1660 795 1680 re
823 1650 918 1680 fuisse
943 1650 1076 1678 videntur
1099 1648 1290 1681 Fermatius,
1313 1643 1497 1681 Gregorius,
1519 1638 1617 1675 Hllg‘·

96 1702 181 1735 πίω,
203 1701 349 1734 Ceresius,
370 1699 547 1736 Newlonus,
571 1701 696 1738 aliique,
722 1710 797 1737 quos
821 1709 916 1731 tamen
943 1709 1043 1730 omnes
1067 1700 1116 1729 hle
1143 1698 1181 1727 ob
1209 1697 1374 1726 brevitatem
1410 1690 1614 1721 observandam

96 1752 230 1789 speciose
254 1759 401 1780 numerare
426 1761 485 1781 non
508 1761 681 1788 possumus.
731 1755 762 1783 ld
781 1762 868 1784 unum
894 1753 1063 1782 observasse
1081 1751 1187 1784 liceat,
1208 1747 1317 1777 nostris
1341 1743 1521 1781 temporibus
1546 1739 1616 1769 eal-

98 1806 167 1835 culo
191 1804 379 1834 Differentiali
404 1810 432 1832 et
457 1803 590 1839 integrali
613 1805 686 1832 viam
705 1805 789 1840 quasi
816 1811 932 1834 stratam
959 1810 1022 1832 esse
1045 1802 1080 1830 ad
1101 1801 1152 1830 has
1179 1808 1255 1828 areas
1279 1795 1525 1828 determinandas,
1547 1799 1618 1827 qua-

99 1865 129 1886 re
152 1863 180 1885 et
201 1864 277 1886 nunc
300 1855 450 1885 Problema
475 1855 601 1885 breviter
624 1856 834 1893 explicabimus
859 1862 887 1885 et
916 1855 1018 1892 paucis
1042 1852 1180 1889 exemplis
1205 1848 1429 1879 illustrabimus.

1534 1933 1565 1970 ς.
1588 1938 1617 1960 α.

128 2003 184 2032 (ι)
205 2003 258 2027 vid.
282 2003 313 2023 l-t·
333 2003 419 2030 croft,
440 2003 486 2025 No.
503 2008 582 2031 amer
597 2010 649 2028 ατο.

131 2045 185 2073 (ι,
207 2046 260 2068 th-
281 2045 414 2072 Mem-cla,
436 2045 504 2066 Tem.
518 2045 537 2067 1.
557 2051 606 2072 μοι.
625 2052 676 2074 ³2⁰-
