1946 2517
336 164 561 199 RESPONSIO
581 174 623 197 AD
644 164 946 206 QUAESTIONEM
968 165 1286 197 THEOLOGICAM.
1528 173 1564 203 17

57 260 151 283 tamen
174 252 206 281 in
231 250 273 281 N.
290 250 326 280 F.
347 259 405 281 non
431 251 488 280 nisi
510 251 541 280 h.
557 250 575 279 l.
599 249 715 287 legitur.
756 249 893 278 Adhiberi
916 249 989 278 solet
1011 250 1044 278 de
1071 251 1167 278 animo
1194 249 1310 283 alacri,
1330 254 1442 286 promto
1471 257 1504 276 aa
1522 257 1563 275 se-

56 305 137 334 dulo.
183 303 360 340 Hesychius:
389 303 549 340 προθύμως,
576 303 684 336 ἱλαρῶς.
734 301 791 329 Hic
813 299 957 329 vocabulo
982 302 1175 337 αἰσχροκερδῶς
1203 299 1372 335 oppositum
1399 299 1565 327 vertendum

58 363 219 393 putamus,
245 363 283 383 ex
307 355 416 382 sincero
446 354 538 381 animi
564 352 669 388 affectu
694 360 765 388 erga
798 351 965 388 religionem
992 352 1192 380 Christianam
1218 356 1245 378 ec
1274 352 1346 388 ipsos
1373 350 1566 378 Christianos.

56 405 171 441 Belgice
192 406 290 433 harum
310 404 499 434 formularum
521 412 635 433 sensum
658 403 697 431 ita
715 401 916 438 exprimerem:
941 403 1000 430 niet
1023 404 1068 431 uit
1090 402 1296 440 eigenbelang‚
1317 410 1406 429 maar
1427 402 1471 428 uit
1491 398 1568 435 ijver

55 465 125 485 νοω·
143 455 179 485 de
198 456 276 491 zaak
295 455 388 487 κεῖνο.

466 531 502 562 C.
524 539 554 569 3·
585 530 660 566 MnB’
681 533 715 564 ὦς
745 529 984 567 κατακυριεύοντες
1011 531 1065 560 τῶν
1086 530 1208 567 κλήρων,
1236 529 1312 560 dmi
1339 528 1419 559 τύποι
1441 526 1571 563 γινόμενοι

627 586 674 614 τοῦ
694 585 813 618 ποιμνίου
824 589 833 598 ·

587 634 713 663 Minime
737 632 896 661 dominium
922 638 1086 661 exercentes
1107 633 1139 661 in
1159 637 1270 667 coetus,
1291 640 1381 660 curae
1398 635 1511 659 vestrae
1527 626 1576 656 de-

632 683 807 720 mandatos,
830 683 881 712 sed
894 685 1055 722 exemplum
1073 685 1159 722 gregi
1172 683 1367 722 praebentes,
1393 679 1494 720 (quod
1510 679 1575 707 imi·

630 741 733 764 teritur
741 735 770 773 J.

97 815 170 852 Agit
193 816 249 852 jam
274 815 380 845 Petrus
410 817 445 845 de
480 814 588 849 modo,
616 819 675 848 quo
703 812 830 842 muneris
855 811 946 840 officia
977 811 1095 847 exsequi
1121 811 1240 840 debeant
1263 810 1438 847 Presbyteri.

104 867 181 899 Mna'
200 869 233 899 ὥς
255 868 502 903 κατακυριεύοντες.
541 864 750 893 Grammaticae
770 864 845 899 leges
864 863 993 898 suppleri
1007 863 1109 899 jubent
1129 870 1163 890 ex
1185 872 1212 891 c.
1233 873 1250 892 2
1271 864 1424 899 ποιμάνατε
1443 876 1479 882 -
1497 860 1575 889 ἕπισ·

60 920 220 953 nommant-2
260 919 470 954 Κατακυριεύειν
499 917 538 945 ita
561 916 649 951 vulgo
670 914 766 943 differt
787 922 803 942 a
825 913 949 949 simplici
974 915 1120 950 κυριεύειν,
1147 920 1178 941 ut
1205 913 1260 942 hoc
1288 914 1420 942 universe
1445 911 1576 939 domina·

58 969 109 1002 ri,
130 968 283 1005 imperium
308 976 443 997 exercere
467 968 602 1002 denotet,
623 966 698 994 illud
720 973 788 994 vero
814 965 848 993 de
866 964 992 994 dominio
1013 966 1046 992 in
1067 964 1176 993 malam
1196 970 1334 1002 partem,
1357 961 1514 1000 tyrannide
1535 959 1579 988 vel

56 1019 176 1056 imperii
201 1018 289 1046 abusu
311 1018 501 1054 adhibeatur,
522 1024 628 1048 nostro
655 1024 725 1046 vero
750 1016 817 1044 loco
838 1016 1066 1052 praepositionis
1093 1016 1150 1044 vim
1175 1023 1233 1044 non
1258 1023 1321 1043 esse
1348 1013 1526 1050 premendam
1550 1016 1578 1039 et

57 1070 108 1097 alii
128 1075 302 1097 monuerunt
325 1075 353 1097 et
373 1069 522 1099 annotavit
541 1068 672 1098 Datln'us
692 1070 723 1095 in
740 1068 774 1097 S.
799 1067 912 1098 Glassii
931 1068 1041 1098 Philol.
1064 1069 1180 1103 Sacra,
1206 1068 1249 1096 his
1275 1065 1450 1104 temporibus
1471 1070 1578 1092 accom-

57 1121 198 1156 madata,
218 1121 288 1150 Vol·
307 1121 329 1150 I.
359 1130 425 1158 pag.
446 1123 520 1159 184,
551 1128 580 1150 et
602 1121 632 1149 id
657 1120 749 1148 videri
772 1120 871 1156 possit
903 1126 999 1155 patere
1020 1127 1054 1147 ex
1079 1119 1234 1147 collatione
1261 1117 1318 1145 loci
1341 1116 1453 1145 Paulini
1475 1122 1490 1141 2
1504 1108 1576 1147 Cor.

60 1169 92 1199 1:
116 1179 172 1207 24,
194 1172 245 1200 ubi
263 1171 298 1200 de
323 1172 416 1201 eadem
445 1181 474 1200 re
501 1172 623 1208 simplex
643 1171 773 1208 κυριεύειν
793 1177 966 1208 usurpatur.
1006 1170 1173 1199 Praesertim
1193 1177 1260 1198 vero
1283 1167 1364 1197 conf.
1385 1165 1460 1193 dicta
1481 1173 1496 1192 a
1510 1163 1579 1200 Jesu

59 1222 182 1252 Christo
205 1220 284 1257 apud
309 1220 400 1251 Matt.
425 1222 500 1252 XX:
522 1230 560 1259 25
589 1231 695 1259 seqq„
725 1223 795 1252 coll.
818 1221 913 1251 Marc.
931 1222 977 1250 X:
1000 1230 1038 1259 42
1061 1228 1166 1257 seqq.:
1195 1220 1307 1253 οἴδατε,
1334 1218 1374 1247 ὅτι
1397 1217 1419 1246 οἱ
1449 1215 1579 1252 ἄρχοντες

58 1275 112 1304 τῶν
141 1274 217 1303 ἐθνῶν
237 1275 476 1310 κατακυριεύουσιν
499 1276 609 1311 αὐτῶν,
636 1275 684 1305 καὶ
709 1275 733 1304 οἱ
766 1274 887 1310 μεγάλοι
913 1273 1161 1308 κατεξουσιάζουσιν
1187 1271 1279 1300 αὐτῶν
1311 1280 1341 1299 κ.
1358 1280 1386 1298 τ.
1405 1274 1435 1297 λ.
1464 1274 1524 1302 quo
1550 1265 1581 1293 in

61 1325 128 1354 loco
147 1326 347 1360 κατακυριεῦειν
367 1325 440 1353 idem
467 1326 602 1354 denotare
625 1334 658 1352 ac
684 1324 805 1358 simplex
825 1325 952 1359 κυριεύειν
976 1322 1063 1350 nobis
1088 1328 1224 1357 apparere
1242 1319 1358 1349 videtur
1373 1326 1438 1347 cum
1459 1325 1493 1345 ex
1518 1316 1582 1352 ipsa

61 1375 103 1404 rei
128 1381 249 1411 natura,
277 1381 339 1403 tum
367 1375 450 1403 etiam
477 1383 493 1403 e
514 1379 654 1403 contextu
680 1373 825 1409 imprimis
850 1381 918 1403 vero
946 1381 981 1402 ex
1009 1373 1107 1402 addito
1134 1373 1372 1408 κατεξουσιάζειν,
1403 1375 1430 1398 et
1452 1377 1485 1397 ex
1514 1368 1579 1395 loco

60 1426 159 1456 Lucae
178 1427 275 1457 XXII:
297 1435 357 1463 25,
388 1427 438 1463 qui
468 1427 499 1456 in
525 1426 613 1455 simili
636 1424 790 1455 enunciato
815 1425 905 1454 verbo
932 1423 1061 1460 simplici
1086 1426 1214 1462 κυριεύειν
1248 1423 1350 1452 utitur.
1401 1420 1458 1449 l-Iic
1485 1422 1581 1446 autem

60 1486 219 1508 sermonem
245 1486 308 1507 esse
328 1479 362 1507 de
381 1478 500 1514 imperio
528 1478 558 1507 in
583 1478 710 1507 actiones
736 1477 888 1507 hominum
913 1475 1084 1512 religiosas,
1105 1482 1184 1511 patet
1209 1482 1275 1503 cum
1302 1481 1335 1500 ex
1361 1475 1498 1500 contextu
1519 1467 1584 1496 uni-

60 1537 171 1565 verso,
200 1529 343 1566 imprimis
365 1529 390 1558 si
416 1529 548 1558 conferas
572 1529 732 1565 opposita,
761 1530 840 1559 ἀλλὰ
867 1528 950 1558 τύποι
974 1531 1021 1558 τοῦ
1042 1529 1161 1563 romuleo
1191 1525 1342 1561 γινόμενοι,
1371 1529 1430 1551 tum
1455 1530 1469 1550 e
1494 1521 1585 1550 colla-

61 1579 142 1607 tione
156 1580 214 1606 loci
228 1580 341 1609 Paulini
358 1580 464 1609 laudati
492 1590 509 1608 2
525 1580 597 1608 Cor.
618 1580 652 1608 I:
678 1588 726 1616 24.
753 1596 790 1601 —
807 1582 860 1609 τῶν
874 1579 988 1615 κλήρων.
1036 1577 1222 1607 Desudarunt
1239 1575 1406 1611 interpretes
1423 1573 1452 1602 in
1470 1571 1584 1609 signifi-

65 1626 180 1659 catione
205 1629 294 1666 hujus
314 1629 393 1657 verbi
421 1628 588 1658 definienda.
636 1630 781 1665 Grotius,
803 1637 888 1666 quem
916 1629 1001 1657 multi
1025 1628 1192 1664 interpretes
1221 1626 1313 1655 secuti
1338 1631 1426 1660 sunt,
1445 1624 1582 1662 populum

63 1681 265 1710 Christianum
288 1679 415 1708 denotari
441 1686 555 1715 censet,
586 1686 614 1708 et
638 1680 899 1710 denominationem
926 1682 1005 1710 illam
1033 1689 1067 1710 ex
1092 1681 1165 1709 locis
1190 1680 1278 1708 Deut.
1302 1680 1361 1708 IV:
1387 1685 1435 1706 20.
1464 1675 1521 1704 IX:
1545 1682 1582 1710 29

63 1731 213 1768 explicat,
234 1730 284 1759 ubi
310 1730 438 1767 populus
461 1730 635 1759 Israeliticus
657 1712 759 1767 usn-u
779 1739 921 1768 vocatur,
944 1741 1030 1768 quam
1062 1731 1283 1767 appellationem
1310 1729 1357 1757 hic
1382 1728 1416 1756 ad
1441 1727 1585 1755 Christia-

65 1790 121 1812 nos
151 1781 298 1809 transferri
322 1782 490 1811 arbitratur.
539 1781 646 1816 Negari
672 1783 792 1817 nequit,
815 1792 874 1810 eam
904 1781 1165 1817 interpretationem
1196 1786 1223 1808 et
1246 1780 1313 1809 loco
1340 1785 1441 1808 nostro
1463 1777 1583 1810 aptissi-

65 1841 139 1863 mam
163 1839 227 1861 esse
249 1837 276 1860 et
302 1832 337 1861 ab
364 1840 421 1860 usu
442 1832 578 1867 loquendi
599 1840 658 1861 non
680 1832 799 1861 omnino
817 1832 977 1862 abhorrere.
1021 1832 1129 1861 Obstat
1157 1838 1251 1860 tamen
1272 1839 1343 1859 usus
1364 1830 1441 1859 verbi
1463 1809 1582 1864 575172,

66 1884 149 1920 quod
176 1890 318 1918 nusquam
342 1883 398 1911 hoc
424 1891 511 1911 sensu
541 1883 645 1919 plurali
675 1891 795 1912 numero
818 1889 985 1919 usurpatur.
1026 1883 1191 1918 Praeterea,
1215 1882 1240 1910 si
1264 1883 1296 1910 ad
1320 1880 1472 1909 formulam
1498 1879 1584 1907 hanc-

67 1940 103 1962 ·ce
126 1934 296 1969 respexisset
317 1933 437 1968 Petrus,
459 1934 506 1962 vix
531 1934 657 1970 dubito,
685 1934 757 1970 quin
780 1934 964 1970 scripsisset:
987 1936 1041 1964 τῶν
1063 1935 1164 1970 κλήρων
1190 1935 1237 1963 τοῦ
1266 1934 1321 1962 θεοῦ
1346 1932 1389 1959 vel
1410 1934 1456 1961 τοῦ
1480 1932 1580 1967 malou:

70 1993 163 2021 neque
190 1984 261 2012 enim
290 1986 417 2018 populus
442 1984 617 2015 Israeliticus
637 1986 711 2014 locis
735 1986 857 2015 Denter.
882 1985 979 2012 citatis
1009 1982 1152 2012 indefinite
1171 1989 1290 2011 vocatur
1311 1963 1431 2017 ΠιγΠ3,
1453 1982 1501 2010 sed
1520 1989 1586 2016 spe-

71 2037 166 2066 ciatim
190 2037 278 2071 ΠῚΠΊ
330 2036 361 2068 Π
385 2035 443 2069 Π).
492 2035 536 2064 De
549 2035 750 2071 facultatibus
776 2042 803 2064 ει
825 2034 1043 2074 possessionibus
1068 2034 1281 2064 Ecclesiasticis
1311 2034 1490 2063 somniarunt
1512 2032 1582 2066 alii3

856 2085 883 2116 C
1513 2088 1584 2111 con-
