1946 2517
287 185 366 222 rsv
596 179 963 212 emulemur
1022 154 1486 207 WENcKEuACH

291 268 365 297 idem
385 263 489 294 vitium
507 264 643 294 eviratum
661 264 735 300 erit;
767 263 942 298 simulatque
969 260 1043 290 enim
1065 260 1125 289 axis
1155 259 1234 288 oculi
1258 258 1436 289 observantis
1459 265 1546 292 supra
1570 261 1618 285 aut
1638 255 1711 287 infra
1723 257 1796 287 han'c

297 322 465 352 moveatur,
487 322 564 345 trans
585 316 691 345 vitrum
707 315 850 343 videbitur
866 314 935 342 haec
953 313 1027 341 linea
1046 320 1132 340 curva
1148 311 1221 340 fieri.
1279 307 1281 311 ’

336 369 394 397 Sed
410 375 469 397 non
485 367 556 396 satis
575 373 618 395 est
640 365 838 395 observatione
855 363 1009 400 singulari:
1031 362 1121 391 media
1138 363 1210 390 enim
1232 362 1300 390 aeris
1320 360 1431 397 pressio
1448 359 1478 389 in
1498 365 1650 396 utrumque
1667 361 1800 389 observa-

301 419 391 449 tionis
417 420 513 447 locum
538 424 649 446 tantum
672 414 792 444 inveniri
821 419 922 450 potest
940 421 954 441 e
976 414 1047 442 serie
1068 413 1321 442 observationum:
1352 420 1444 447 neque
1473 410 1539 439 iicet
1562 411 1727 446 promiscue
1749 413 1800 441 has

301 469 516 500 observationes
541 468 629 498 variis
653 467 733 496 horis
760 464 876 500 facere,
906 470 994 500 atque
1023 472 1160 493 summam
1186 470 1295 492 tautum
1330 471 1426 491 eorum
1451 470 1569 491 numero
1594 462 1734 490 diziiderez
1766 462 1802 490 ad

306 520 539 558 cognoscendam
561 518 723 547 absolutam
741 516 812 545 aetis
832 516 863 544 in
885 517 980 544 locum
1006 515 1129 552 aliquem
1150 515 1325 550 pressionem
1350 514 1472 542 medium
1492 513 1662 541 sumendum
1674 518 1751 541 esset
1764 521 1802 541 ex

302 570 540 608 quadruplicibus
572 569 683 598 diurnis
702 567 973 602 observationibus,
996 565 1082 595 factis
1110 565 1145 594 iis
1166 565 1266 600 horis,
1288 565 1395 600 quibus
1421 564 1465 593 bis
1487 565 1522 592 ad
1546 564 1699 592 maximum
1716 570 1744 592 et
1760 563 1806 593 bis

299 624 336 652 ad
353 622 501 651 minimum
523 629 607 649 suum
629 620 762 648 diurnum
790 618 924 654 pervenit
948 617 1159 646 barometrum:
1181 616 1232 644 sed
1254 616 1335 644 valde
1364 615 1476 644 difficile
1495 621 1558 650 est,
1579 615 1630 642 has
1649 614 1738 643 horas*
1757 622 1806 643 ac-

301 679 399 703 curate
414 671 621 707 determinare,
652 677 680 699 et
706 671 741 706 ad
765 669 930 698 altitudines
951 668 1107 696 metiendas
1129 666 1254 701 sufficit,
1275 666 1300 694 si
1326 665 1442 694 relativa
1465 667 1578 701 pressio
1604 666 1721 701 cognita
1740 666 1798 695 sitt

296 724 389 761 igitur
406 723 607 753 tantum·hora
625 721 689 758 ipsa
711 720 864 749 meridiana
883 719 1060 755 aliquamdiu
1073 719 1264 747 barometrurn
1283 717 1313 745 in
1331 723 1450 751 utraque
1466 717 1592 745 statione
1619 717 1804 751 observetur,

304 782 390 811 atque
409 784 442 803 ex
458 775 505 804 his
520 771 773 803 observationibus
800 771 922 800 medium
949 776 1089 799 sumatur.
1129 768 1226 807 Quum
1248 773 1342 796 autem
1367 767 1509 802 suspicari
1531 766 1631 801 liceat,
1653 767 1804 796 efficaciam

302 826 479 862 singularum
504 825 573 855 anni
599 828 803 861 tempestatum
831 822 860 851 in
884 821 1036 850 barometri
1063 820 1243 849 altitudinem
1273 826 1305 847 se
1330 824 1431 849 mutuo
1455 825 1659 852 compensare,
1688 818 1809 848 sufficiet

303 877 389 905 series
409 876 642 906 observationum
668 875 756 904 unius
779 873 868 909 anni,
891 873 971 907 quod
993 872 1179 900 ctnfirmatur
1205 868 1478 903 observationibus,
1501 875 1552 903 per
1574 867 1804 903 quinquennium

304 927 429 956 Bcrolini
452 927 537 956 factis
555 936 570 956 a
585 926 735 956 strenuiss.
759 925 821 954 Vox
837 923 945 952 Baebio
968 924 1008 961 (ι
1024 923 1059 960 ),
1084 921 1237 980 quitrladit
1253 920 1403 948 maximam
1427 918 1612 947 differentiam
1631 919 1703 948 inter
1720 921 1811 950 media

1179 965 1210 983 m·
1353 963 1406 981 mm·

305 1002 398 1023 annua
415 994 546 1030 quinque
565 993 680 1022 illorum
699 999 838 1021 annorum
858 996 968 1019 tantum
993 989 1085 1018 fuisse
1104 998 1142 1016 =
1162 987 1252 1023 0,286
1265 987 1327 1015 sive
1351 986 1420 1022 0‚65
1444 984 1578 1019 circiter,
1601 993 1672 1020 quae
1692 993 1734 1015 est
1752 993 1807 1016 tam

310 1045 432 1082 exigua,
455 1050 487 1073 ut
502 1044 587 1073 facile
603 1043 690 1071 tribui
710 1042 805 1079 possit
823 1042 951 1077 parvulis
970 1038 1140 1068 observandi
1154 1038 1233 1067 vitiis
1252 1046 1312 1066 non
1332 1043 1451 1072 prorsus
1469 1036 1623 1067 evitandis.

343 1098 443 1131 Atque
462 1102 522 1123 tum
538 1095 650 1122 demum
664 1113 675 1128 ,
697 1092 811 1127 quaudo
829 1091 882 1119 rite
896 1096 1058 1126 comparata
1075 1095 1157 1117 erunt
1171 1087 1328 1116 barometra
1340 1105 1351 1122 ,

317 1164 320 1166 v
340 1146 457 1182 quando
481 1146 510 1174 in
527 1151 646 1179 utraque
661 1142 786 1172 statione
803 1141 877 1177 aptis
896 1142 970 1170 locis
988 1140 1128 1170 collocata
1146 1145 1248 1174 erunt,

347 1197 462 1233 quando
477 1196 547 1224 hora
565 1202 676 1223 tantum
692 1193 847 1222 meridiana
864 1192 1046 1221 observatum
1064 1190 1118 1219 erit
1129 1211 1140 1226 ‚

348 1242 462 1284 quan'do
479 1255 578 1275 omues
598 1245 831 1279 observationes,
853 1243 944 1272 factae
959 1242 1027 1271 dum
1044 1241 1269 1271 vehementiores
1290 1241 1369 1270 venti
1393 1240 1552 1278 spirarent,
1575 1247 1624 1270 aut
1640 1241 1812 1279 tranquillus

309 1300 378 1328 aeris
393 1305 485 1327 status
502 1297 628 1332 procella
649 1302 698 1324 aut
718 1295 774 1324 aiio
792 1295 991 1331 phaenomeno
1007 1293 1168 1322 turbaretur
1179 1313 1189 1328 ,
1210 1293 1327 1330 rejectae
1342 1300 1442 1328 erunt,

350 1350 466 1386 quando
484 1349 562 1385 ipsae
582 1346 799 1376 observationes
819 1344 954 1373 adhibitis
972 1343 1028 1379 iis,
1050 1344 1083 1371 de
1098 1343 1206 1379 quibus
1225 1344 1306 1378 dixi,
1329 1343 1448 1372 cautelis
1470 1343 1562 1372 factae
1580 1351 1683 1380 erunt,

361 1400 476 1436 quando
492 1399 616 1434 denique
631 1397 753 1426 medium
773 1405 805 1426 ex
815 1394 1070 1424 observationibus
1085 1402 1135 1431 per
1150 1394 1290 1432 integrum
1302 1402 1405 1423 anuum
1425 1394 1576 1431 productis
1591 1398 1720 1424 sumtum
1736 1394 1789 1424 erit
1802 1404 1816 1432 3

316 1465 319 1468 ⁴
354 1458 414 1480 tum
436 1452 568 1484 demum,
590 1449 726 1484 inquam,
747 1447 845 1489 licebit
866 1445 912 1474 his
937 1445 1038 1474 mediis
1061 1445 1196 1473 theoriam
1224 1445 1376 1479 adhibere,
1398 1445 1437 1473 ita
1455 1451 1487 1473 ut
1504 1454 1563 1474 non
1582 1445 1733 1474 verendum
1753 1444 1810 1483 sit,

315 1511 348 1532 ne
362 1501 484 1531 altitudo
494 1521 506 1537 ,
526 1508 558 1529 ex
573 1499 618 1528 his
635 1499 708 1527 daris
726 1499 839 1528 inventa
850 1517 860 1533 ,
881 1497 948 1533 plus
969 1503 1054 1532 quam
1069 1495 1221 1524 millesima
1234 1502 1314 1533 parte
1329 1504 1345 1524 a
1364 1496 1481 1525 veritate
1499 1496 1618 1525 aberret.

1017 1579 1048 1614 ς.
1088 1578 1118 1606 8.

854 1661 900 1690 De
920 1660 1028 1689 tabulis
1046 1660 1263 1689 Barometricis,

354 1750 447 1778 Usum
468 1748 556 1785 hujus
580 1746 703 1776 theoriae
733 1745 891 1774 faciliorem
917 1743 1030 1772 reddere
1051 1743 1107 1780 J'am
1134 1741 1214 1770 brevi
1237 1747 1304 1777 post
1336 1740 1482 1769 inventum
1507 1739 1695 1769 barometrum
1721 1742 1819 1772 conati

317 1807 385 1830 sunt
417 1801 513 1836 plures
541 1797 743 1833 computandis
764 1795 871 1824 tabulis
893 1795 1076 1823 altitudinum
1104 1802 1191 1830 supra
1223 1794 1307 1821 maris
1333 1791 1455 1820 libellam
1484 1800 1536 1827 pro
1559 1791 1644 1819 variis
1669 1792 1821 1823 barometri

316 1851 533 1881 altitudinibus.
585 1851 616 1879 In
641 1849 687 1876 liis
716 1847 825 1884 primus
853 1846 910 1873 fuit
932 1847 1128 1881 Mardonius,
1151 1845 1201 1881 qui
1227 1844 1303 1872 dedit
1329 1843 1473 1877 tabulam,
1502 1842 1694 1871 continentem
1719 1845 1818 1873 altitu-

314 1902 395 1931 dines
421 1908 576 1931 stratorum
609 1900 699 1936 aeris,
730 1906 802 1935 quae
836 1897 959 1934 singulis
989 1896 1167 1928 duodecimis
1193 1896 1282 1926 lineae
1309 1893 1440 1931 parribus
1468 1892 1497 1924 in
1530 1893 1690 1924 baromctro
1714 1903 1821 1925 conve-

1779 1953 1825 1974 m-

343 2016 392 2044 (ι)
412 2016 466 2039 Vld.
488 2021 569 2039 οιιιι.
585 2015 647 2039 Anu.
664 2014 726 2038 1821.
746 2014 788 2037 nd.
805 2012 854 2037 vu.
874 2015 904 2036 st.
920 2018 942 2039 3.
964 2019 982 2036 ι.
998 2012 1047 2039 396.

1931 1169 1944 1219 0⁴·—
1931 1150 1946 1158 :
1925 1089 1946 1142 μή
1918 657 1946 1078 χλόαν-Μυῤ
1932 474 1946 648 mat-..mur
1932 442 1946 462 χ.
1935 421 1946 434 ι.
1941 394 1944 399 .
1931 371 1946 386 ς
