1946 2517
450 158 766 190 ΟΟΜΜΕΝΤΛΤῙΟ
788 167 824 190 nt
843 158 1150 199 QUAESTIONEM
1169 160 1381 194 MEDICAM.
1634 163 1676 204 67

160 244 305 276 rivandam
325 251 388 273 esse
405 251 504 274 censet
525 244 614 281 (a);
636 244 684 274 cui
703 244 836 281 opinioni
853 245 994 275 contraria
1019 250 1112 274 tamen
1130 245 1245 275 videtur
1269 253 1394 282 sequens
1423 247 1586 278 observatio
1606 256 1673 278 ana-

159 297 270 326 tomico
290 296 474 332 pathologica
496 296 530 324 ab
554 295 716 332 Isenstamm
738 297 844 326 relatae
864 297 908 326 vir
930 297 1047 334 quidam
1073 297 1205 334 nobilis,
1227 297 1332 327 sensim
1360 299 1525 335 sensimque
1547 299 1576 328 in
1595 308 1671 329 mor-

161 347 230 376 bum
255 348 416 383 incidebat,
446 348 531 385 qu'us
555 354 750 384 symptomata
774 347 915 376 docebant
942 348 1131 385 digestionem
1159 356 1243 385 quam
1278 349 1398 379 maxixne
1421 358 1485 379 esse
1511 351 1664 381 turbatam.

159 398 324 436 Quotidie,
346 406 428 428 mane
448 399 536 427 multa
555 399 668 426 vomitu
686 399 837 436 ejicIebat,
857 400 1026 436 plerumque
1042 400 1151 437 insigni
1173 401 1258 437 copia
1279 409 1358 430 verae
1378 401 1444 430 bilis
1463 403 1670 431 concomitata.

157 450 357 489 Quaecunque
382 450 502 478 remedia
529 449 823 486 administrabantur,
846 451 924 479 nulla
949 451 1056 480 malum
1081 452 1274 489 superabant,
1303 452 1362 482 imo
1386 460 1422 482 ne
1447 453 1579 481 levabant
1606 453 1672 487 qui-

159 501 233 532 dem.
277 501 406 530 Tandem
428 501 500 531 obiit
521 509 601 538 aeger
624 507 674 537 et,
700 502 834 531 cadavere
861 502 1016 539 dissecto,
1047 509 1189 539 repertum
1224 504 1280 533 fuit
1313 512 1450 540 pancreas
1488 509 1671 533 contractum

158 560 188 582 et
212 553 398 588 induratum,
425 552 463 580 ita
496 559 528 581 ut
556 561 633 582 nunc
664 553 747 582 facile
770 554 954 590 constiterit,
982 555 1136 592 ejectiones
1168 555 1233 584 illas
1258 555 1376 584 biliosas
1402 564 1418 584 a
1445 555 1558 584 defectu
1592 555 1675 583 succi

156 605 333 642 pancreatici
359 604 496 640 originem
521 605 659 641 duxisse,
687 606 754 634 dum
779 606 867 641 bilis,
897 613 986 635 noctu
1008 607 1038 635 in
1070 607 1190 643 hepate,
1211 612 1240 635 et
1269 607 1397 636 vesicula
1423 606 1506 635 fellea
1527 607 1673 641 collecta,

162 664 244 685 mane
262 656 293 684 in
311 656 475 684 duodenum
505 656 611 692 ejecta,
633 656 732 691 ibique
759 665 818 686 non
845 657 958 693 diluta,
979 665 1034 686 suo
1057 658 1177 686 stimulo
1200 657 1287 686 nimis
1312 657 1475 687 vehementi
1498 657 1566 693 plue
1587 664 1674 693 quatu

163 698 526 742 verosimiliter-,vomitum
545 709 718 742 produxerat
739 709 816 745 (b).
857 709 995 745 Accedit,
1018 709 1097 744 quod
1123 709 1264 737 voracitas
1286 709 1371 738 etiam
1398 708 1548 738 observata
1570 713 1613 736 est
1636 707 1674 736 iis

160 757 192 786 in
217 758 357 794 casibus,
390 758 442 788 ubi
472 756 583 787 orificia
609 759 713 788 ductus
747 759 921 789 choledochi
953 767 982 790 et
1007 760 1182 798 pancreatici
1210 768 1226 788 a
1250 767 1282 789 se
1305 759 1429 790 invicem
1460 758 1547 788 nimis
1569 758 1673 787 dissita.

156 815 236 838 erant
256 810 272 846 (
285 810 334 846 c).
1217 844 1221 847 Α

199 861 228 897 §-
249 868 298 897 59.
339 860 502 891 Secundum
527 861 642 891 Damas
663 863 841 893 substantiae
865 862 1020 892 nutritivae
1042 862 1139 892 itidem
1166 870 1182 891 a
1207 869 1299 891 succo
1323 861 1503 899 pancreatico
1527 860 1677 889 diluuntur

160 917 188 940 et
210 911 434 949 dissolvuntur,
458 922 514 949 qua
531 914 678 942 solutione
695 920 722 942 et
745 915 886 943 dilutione
914 915 1036 951 chymus
1057 913 1174 942 fiuidior
1200 913 1316 948 evadit,
1337 919 1365 941 et
1390 913 1487 949 aptior
1505 918 1537 941 ut
1557 920 1573 940 a
1596 911 1674 940 vasis

161 962 263 992 lacteis
285 964 472 992 absorbeatur
491 964 582 1000 inque
608 965 757 1001 sanguinis
784 971 915 993 naturam
937 970 1142 1001 convertatur,
1174 963 1327 999 qualitates
1353 963 1422 992 bilis
1447 969 1588 999 praeterea
1617 970 1678 990 mo-

159 1013 257 1043 dificat
278 1014 351 1043 idem
378 1014 460 1043 hicce
486 1023 611 1050 succus,
642 1016 704 1051 eJus
733 1015 949 1050 viscositatem,
980 1023 1091 1044 acorem
1121 1021 1148 1043 et
1175 1015 1326 1043 amaritiem
1353 1020 1513 1050 temperat,
1542 1021 1594 1042 nec
1618 1019 1677 1041 non

160 1063 288 1093 colorem
307 1071 422 1101 mutat;
445 1065 512 1094 hinc
531 1065 598 1094 bilis
621 1065 731 1101 cystica
747 1065 778 1095 in
797 1066 942 1096 intestinis
957 1074 1009 1095 nec
1035 1072 1137 1102 tenax,
1157 1073 1252 1102 neque
1268 1065 1361 1101 acris,
1382 1073 1434 1094 nec
1458 1064 1560 1093 flavida
1583 1071 1676 1099 neque

150 1122 250 1146 amara
270 1116 421 1152 reperitur.

197 1166 326 1196 Probant
348 1168 404 1197 hoc
428 1173 626 1204 excrementa,
648 1168 774 1198 amaritie
799 1168 960 1206 destituta,
982 1175 1048 1199 cum
1072 1167 1107 1197 ab
1136 1167 1311 1197 animalibus
1334 1166 1436 1195 multIs
1459 1166 1539 1196 avide
1556 1173 1605 1195 ore
1625 1172 1677 1194 su-

159 1225 275 1248 mantur
291 1225 327 1248 -et
347 1219 561 1256 deglutiantur3
584 1229 635 1249 nec
655 1229 714 1250 non
736 1221 903 1250 testimonia
920 1221 1090 1250 insanorum
1110 1226 1139 1248 et
1159 1218 1303 1248 infantum
1316 1239 1327 1255 ,
1349 1219 1421 1255 qui,
1442 1224 1509 1247 cum
1533 1225 1601 1247 suas
1624 1224 1676 1245 co·

162 1270 322 1300 medissent
341 1270 456 1307 faeces,
477 1273 656 1308 retulerunt,
678 1281 724 1301 eas
743 1280 807 1301 esse
828 1272 941 1309 saporis
958 1272 1138 1308 saccharini,
1158 1270 1309 1301 subdulcis
1330 1269 1408 1307 (d).

197 1322 229 1356 §.
249 1322 297 1350 60.
338 1321 416 1351 Mala
442 1330 536 1352 autem
565 1332 638 1360 quae
663 1324 888 1361 producuntur,
918 1324 1033 1359 quando
1067 1323 1134 1352 bilis
1165 1322 1283 1351 emissio
1310 1321 1340 1349 in
1368 1320 1531 1349 duodenum
1563 1328 1597 1349 ex
1626 1320 1677 1349 ob-

155 1372 321 1402 structione
338 1392 349 1408 ,
379 1381 567 1410 quocumque
591 1375 679 1404 modo
709 1381 794 1410 nata,
824 1374 960 1411 impedita
988 1380 1054 1409 est,
1084 1374 1172 1411 huius
1201 1372 1328 1408 liquoris
1361 1371 1514 1400 utilitatem
1542 1371 1676 1407 probant.

160 1421 289 1450 Tantum
308 1425 384 1450 enim
401 1425 501 1457 abest,
523 1432 555 1450 ut
576 1433 630 1458 pro
648 1426 751 1451 inutile
771 1432 799 1452 et
822 1424 1027 1451 reci-ementitia
1045 1423 1122 1451 faece
1142 1423 1239 1457 liquor
1259 1421 1305 1449 hic
1324 1421 1472 1450 habendus
1491 1422 1549 1457 sit,
1571 1428 1604 1450 ut
1625 1430 1679 1457 po·

164 1472 224 1501 tius
243 1472 361 1501 eximias
377 1473 495 1509 corpori
513 1479 638 1509 praestet
656 1473 806 1503 utilitates.
848 1493 867 1510 ,‚
888 1474 978 1503 Secus
997 1473 1109 1510 quippe
1136 1473 1161 1502 si
1186 1472 1286 1508 fieret,
1307 1472 1410 1502 scribit
1437 1472 1555 1508 Funck,
1576 1472 1677 1502 incon-

164 1542 184 1561 „
203 1524 311 1554 sultius
339 1524 446 1560 egisset
473 1530 597 1562 natura,
629 1525 749 1553 ductum
774 1524 855 1554 illius
882 1526 1071 1554 excretorium
1100 1524 1130 1554 in
1169 1525 1317 1554 cavitatem
1342 1523 1472 1553 intestini
1496 1524 1621 1553 duodeni
1648 1529 1676 1552 et

164 1594 184 1612 „
204 1583 423 1611 nonnumquam
443 1575 537 1611 ipsius
561 1576 715 1606 ventriculi
736 1576 907 1612 inserendo,
929 1585 994 1605 cnm
1017 1576 1065 1606 tali
1080 1576 1190 1605 ratione
1213 1575 1374 1605 necessario
1398 1574 1506 1610 primae
1528 1581 1556 1603 et
1574 1583 1676 1604 secun-

161 1646 184 1664 „
203 1627 254 1656 dae
275 1626 448 1663 digestionis
465 1626 576 1663 officia,
598 1635 671 1663 quae
687 1636 753 1657 cum
772 1628 831 1657 vita
853 1629 915 1665 pari
930 1636 1019 1664 passu
1034 1628 1205 1664 ambulant,
1226 1627 1348 1663 turpiter
1368 1625 1577 1656 defoedasset”
1599 1626 1673 1662 (e).

201 1680 232 1716 §.
255 1679 306 1707 61.
346 1677 417 1708 Bilis
433 1678 506 1707 enim
530 1680 555 1707 si
571 1680 653 1716 justo
672 1679 778 1708 minori
796 1680 960 1716 quantitate
975 1685 1140 1709 secernatur
1157 1685 1206 1708 aut
1217 1687 1304 1715 parva
1322 1684 1433 1707 tantum
1451 1677 1536 1713 copia
1553 1677 1583 1706 in
1603 1678 1675 1705 duo-

163 1730 268 1760 denum
288 1729 498 1765 transferatur,
519 1736 569 1759 aut
597 1731 622 1759 si
649 1731 711 1768 ejus
737 1732 890 1769 ejaculatio
918 1731 1018 1761 subito
1046 1731 1240 1768 impediatur,
1260 1739 1313 1767 pro
1339 1729 1461 1760 diversis
1484 1729 1529 1759 his
1556 1728 1674 1762 causis,

1634 1777 1676 1807 di-

186 1844 240 1876 (a)
262 1845 299 1868 ef.
314 1844 430 1872 ῙΓηῙῐῘΙΗ,
445 1845 495 1868 Lfb.
514 1846 560 1869 Cft.
581 1847 607 1869 Β.
622 1853 640 1869 1-
662 1852 686 1873 p·
700 1852 752 1870 222.
773 1847 794 1876 5.
806 1848 844 1871 88·

188 1887 245 1914 (h)
260 1887 299 1910 Cf.
323 1886 457 1915 Innflamm,
473 1887 530 1908 Prml
538 1893 555 1911 r,
569 1889 635 1911 Ama.
655 1896 677 1916 p.
691 1888 742 1911 ¹262.
763 1889 782 1912 §-
802 1889 835 1914 33.

158 1953 162 1963 Ι
190 1927 242 1955 (e)
263 1927 302 1950 Cf.
322 1926 458 1956 Isenflamm,
473 1928 525 1950 Lib.
541 1929 590 1952 Cir,
609 1935 631 1957 p.
645 1935 693 1956 104.
715 1930 733 1956 S.
747 1931 782 1956 46.

160 1968 164 1986 1
190 1968 240 1995 (d)
263 1969 300 1992 ef.
324 1969 422 1996 Dumat,
435 1968 490 1993 Lib,
505 1970 554 1992 Cir.
579 1971 605 1994 T,
622 1977 644 1998 4,
659 1978 685 1999 p.
698 1977 746 1996 374-

193 2009 240 2036 (a)
264 2011 300 2035 cs.
317 2009 405 2038 Funck,
416 2010 478 2036 Diu,
493 2010 516 2032 dt
533 2011 585 2033 lsr'le
607 2018 629 2039 p.
643 2017 677 2040 2⁴.
700 2011 721 2038 ⁴3.
736 2017 768 2038 ¹3·
