1946 2517
447 186 760 220 COMMENTATIO
781 196 816 220 1N
836 187 1137 228 QUAESTIONEM
1158 189 1368 223 MEDICAM.
1636 198 1674 234 69

159 278 274 303 sumtos
299 272 383 301 cibos
414 277 442 301 et
468 273 579 309 hepatis
610 271 792 301 manifestum
821 272 1025 302 incrementum
1055 276 1159 303 malurn
1186 275 1383 312 adaugebant3
1415 283 1535 313 corpore
1559 280 1671 311 tandem

157 323 315 359 emaciat0‚
343 329 443 352 exorto
472 323 586 352 vomitu
611 331 827 359 assummum,
858 324 990 359 singultu
1024 331 1052 353 et
1086 326 1205 355 humore
1235 326 1265 354 in
1294 326 1446 356 abdomine
1475 328 1568 358 effuso
1594 331 1670 361 diem

158 375 234 405 obiit
256 383 431 411 supremum.
473 375 611 403 Dissecto
634 375 788 410 cadavere,
819 373 929 412 hepatis
951 377 1113 406 substantia
1137 379 1288 416 insigniter
1313 379 1431 408 adaucta
1458 381 1668 417 reperiebatur,

153 434 224 457 -cutu
245 427 274 454 in
296 433 445 460 convexa,
464 432 524 454 tum
544 425 574 454 in
598 434 722 454 concava
741 427 894 463 superficie
917 427 1041 463 plurima
1061 430 1314 465 conspiciebantur
1331 431 1490 461 tubercula.
1531 431 1667 461 Vesicula

156 477 235 508 fellis
260 485 371 513 parcam
404 476 470 504 bilis
506 477 672 505 continebat
703 478 912 513 quantitatem,
939 487 1028 514 eaque
1053 480 1171 516 insuper
1198 482 1363 518 depravatae
1390 483 1546 518 qualitatis,
1593 485 1671 512 Inter

153 529 225 558 alias
251 528 391 557 viscerum
414 527 617 564 alterationes,
651 529 903 558 numerosirsimae
925 531 1075 566 glandulae
1098 532 1290 568 lymphaticae
1310 533 1340 563 in
1364 534 1523 563 tuberculis
1543 540 1670 564 mutatae

155 582 398 611 observabantur.
438 577 489 607 Cf.
513 580 632 614 Farra,
654 582 736 610 Fasc.
756 579 797 608 11.
823 580 888 609 Obs.
910 589 945 610 10
965 582 1047 619 (a).
1116 572 1119 575 Ι

196 632 242 661 Ex
259 631 339 659 hisce
361 629 450 666 igitur
478 630 595 666 relatis,
617 639 689 666 quae
715 631 750 660 ad
774 639 860 666 supra
881 631 956 660 dicta
986 634 1135 669 probanda
1159 634 1229 663 mihi
1254 636 1380 665 sufficere
1404 635 1554 674 videntur,
1586 646 1664 667 nunc

153 687 255 719 patet,
277 681 389 717 hepatis
415 681 593 710 substantiae
612 682 794 711 alterationes
818 690 878 711 non
905 684 1000 712 solum
1025 685 1145 713 aliarum
1170 687 1295 721 partium
1321 689 1473 717 morbosas
1498 688 1664 717 affectiones

147 733 331 769 producere,
351 739 450 760 verum
474 732 556 761 etiam
578 734 646 763 bilis
665 734 872 769 secretionem,
893 734 919 762 si
940 743 999 764 non
1019 736 1138 764 omnino
1161 735 1350 773 impediatur,
1372 745 1464 767 tamen
1486 737 1586 767 exinde
1608 748 1666 768 ma-

154 785 182 812 le
201 789 229 812 et
243 782 409 820 imperfecte
429 784 524 813 locum
552 785 675 821 habere,
697 792 763 814 cum
787 785 874 822 hujus
892 785 985 815 laticis
1011 787 1175 823 qualitatem
1200 793 1269 819 tunc
1293 790 1460 827 depravatae
1480 796 1596 820 naturae
1618 790 1665 821 in·

151 841 303 864 venerunt.

479 1053 874 1121 SECTI'Q
943 1069 1347 1122 TERjTJA-

559 1293 827 1325 CAPUT
902 1292 1255 1329 RRIMUM.

362 1421 414 1439 AN
442 1420 571 1439 REDAR
605 1421 861 1442 At.r1·}in11UC
889 1421 1123 1440 FUNCTIUNI
1153 1419 1449 1443 DstlNATUM.

131 1568 133 1571 Ι
144 1533 175 1569 S.
194 1539 219 1562 1.
306 1530 387 1560 ichat
403 1530 517 1567 quando
536 1531 571 1559 ad
590 1530 703 1567 insigne
720 1531 834 1568 hepatis
851 1531 989 1560 volumen
1007 1532 1148 1570 attendit,
1170 1539 1198 1562 et
1214 1533 1459 1571 comparationem
1478 1533 1552 1563 inter
1568 1534 1657 1571 illud,

145 1591 213 1612 vasa
230 1583 342 1611 bihtera
360 1589 386 1610 et
403 1591 518 1619 parvam
539 1590 661 1611 secretae
683 1583 752 1611 bilis
774 1584 961 1619 quantitatem
985 1584 1137 1620 instituit,
1157 1586 1246 1614 credit
1267 1586 1353 1621 hepar
1372 1594 1431 1615 non
1452 1586 1547 1615 solum
1567 1594 1659 1614 secre-

144 1634 221 1662 tioni
243 1633 312 1662 bilis
335 1634 460 1663 dicatum
492 1642 574 1669 esse,
597 1634 647 1662 sed
669 1635 722 1663 alia
749 1635 841 1663 adhuc
865 1634 950 1671 fungi
981 1635 1151 1671 functione,
1179 1637 1352 1677 incognita,
1384 1637 1433 1665 sed
1457 1638 1659 1666 verosimiliter

145 1685 308 1714 affinitatem
336 1685 456 1716 habente
479 1693 547 1715 cum
572 1685 711 1722 sanguine
733 1694 820 1715 venae
846 1680 1010 1724 portarumss
1028 1702 1065 1709 —
1094 1687 1142 1716 An
1174 1687 1249 1716 foret
1275 1687 1324 1717 illa
1352 1687 1467 1718 functio
1485 1689 1657 1725 pulmonum

1590 1739 1662 1768 sun·

172 1818 224 1846 (fl)
246 1820 311 1842 Con!
337 1819 360 1842 R
377 1820 471 1848 Bt'unli,
495 1820 546 1843 ΟΜ.
561 1821 631 1843 Arm,
646 1827 669 1844 2.
691 1821 713 1843 in
730 1821 791 1844 Thes,
813 1820 875 1842 Diu.
893 1821 921 1843 E.
939 1821 1075 1850 δικ-λίβη,
1099 1823 1125 1845 Τ.
1141 1827 1162 1848 3.
1183 1828 1207 1849 p.
1225 1825 1276 1849 354.
1301 1821 1325 1846 J.
1341 1821 1442 1848 Bandcr,
1465 1822 1516 1845 obt.
1532 1821 1594 1844 Med.
1611 1827 1665 1849 qn·-

144 1866 194 1882 tum
209 1861 285 1887 plures
299 1867 431 1883 memoratas
447 1869 458 1883 a
473 1863 538 1885 nobit
554 1864 648 1885 ulterius
665 1864 775 1885 illustrant
787 1869 810 1884 et
825 1864 982 1890 comprobant.
1012 1864 1132 1886 Brevitatis
1156 1868 1222 1884 caus-“-
1241 1865 1320 1890 plures
1339 1865 1366 1885 de
1387 1864 1468 1889 hepate
1487 1864 1558 1885 sflc'as
1581 1864 1662 1885 obser*

142 1902 248 1923 vationes
263 1902 285 1923 ln
299 1909 356 1925 statu
371 1905 478 1926 morboso
499 1911 623 1927 memorare
642 1912 686 1927 non
711 1908 791 1934 sorum
813 1907 831 1928 sl
853 1909 902 1932 quis
924 1911 996 1928 autern
1017 1907 1090 1932 plnres
1110 1909 1250 1931 cognoscere
1275 1905 1368 1931 cupiat,
1389 1906 1454 1926 adeat
1481 1903 1618 1923 Gladhaskii
1638 1903 1662 1925 in

143 1944 287 1964 Suietem'nm
304 1945 402 1967 iudicem
412 1961 419 1972 ‚
436 1951 458 1967 ut
471 1947 504 1967 sic
519 1947 540 1968 in
556 1953 614 1968 voce
627 1947 702 1973 llapm
716 1948 722 1968 ἰ
735 1954 773 1969 «ης
790 1955 800 1970 a
816 1948 934 1968 Swictem'o
951 1954 1086 1970 memoratas
1107 1945 1278 1968 observationes
1293 1946 1395 1967 iuvenire
1414 1944 1501 1973 possit,
1519 1951 1570 1972 quas
1584 1949 1661 1966 sutem

146 1985 334 2014 observationes,
351 1993 420 2014 quum
436 1986 554 2007 Swictcm'i
567 1988 591 2011 iu
601 1988 747 2010 hon-havium
761 1991 934 2014 commentarius
951 1991 977 2012 iu
994 1989 1093 2011 omnium
1113 1987 1216 2011 mannhun
1239 1993 1356 2015 versetur,
1373 1987 1470 2009 consilio
1487 1986 1664 2012 praetereundas

139 2031 189 2048 oue
206 2027 303 2051 credidi.

958 2072 1007 2108 13
