1946 2517
69 1299 134 1329 'fiee
160 1308 228 1329 sane
247 1299 394 1336 congruit.

80 1358 144 1380 esse
169 1350 328 1380 Felicitatis
356 1350 594 1387 acquisitionem.

289 139 609 173 COMMENTATIO
630 139 671 171 AD
694 139 998 179 QUAESTIONEM
1018 132 1364 172 PHILOSOPHlCAM.
1549 150 1586 181 35

72 229 173 266 o'perae
191 226 311 263 pretium
331 224 403 261 erit,
424 226 493 254 vitia
522 225 742 255 animadvertere·
761 233 832 260 quae
849 226 1038 255 ostenderunt
1063 225 1225 253 doctissimi
1243 225 1297 254 viri
1320 225 1349 254 in
1369 225 1501 254 alterutra
1515 233 1586 254 con·

74 280 234 318 junctionis
263 283 354 313 parte.
391 276 452 314 Jam
476 285 544 306 vero
568 278 598 306 in
621 277 777 305 moralibus
802 275 1017 305 Leibnitzianae
1043 276 1164 304 Scholae
1189 276 1373 313 dogmatibus
1400 277 1488 304 multa
1514 277 1584 305 vitia

78 332 172 360 inesse
200 329 413 363 ostenderunt,
440 335 526 364 atque
557 329 746 357 observarunt
774 328 909 355 virtutem
940 328 1049 362 qualem
1076 328 1221 356 statuebat
1257 327 1457 356 Leibnitziana
1482 326 1586 354 Schola

74 380 170 411 stabili
193 380 384 409 fundamento
407 388 525 415 carere,
547 386 574 408 et
604 379 750 407 erroribus
771 386 865 406 ansam
888 379 1032 414 praebere.
1074 379 1198 408 Primum
1219 379 1337 414 quidem
1359 379 1440 414 quod
1461 378 1588 407 occurrit

70 433 143 462 illud
174 438 216 460 est
243 432 322 467 quod
351 431 525 467 principium
556 438 590 459 ex
622 438 683 465 quo
711 429 896 458 Leibnitzius
925 436 952 458 et
979 430 1106 458 Wolfius
1133 439 1196 458 curn
1225 431 1369 460 Virtutem
1396 437 1458 459 tum
1485 429 1589 458 Felici-

72 490 159 512 tatem
189 483 394 518 deduxerunt,
423 482 564 511 subtilius
599 481 744 517 fortasse,
773 481 928 510 obscurius
957 490 989 510 ac
1021 482 1144 510 subinde
1172 481 1386 510 inconstantius
1419 482 1515 518 possit
1545 481 1590 510 vi-

69 534 128 564 deri
150 534 187 570 (1
201 534 229 571 ).

111 585 141 614 Si
170 583 346 620 principium
380 591 413 611 ex
442 591 501 618 quo
526 582 618 612 officia
648 584 831 612 deducuntur
858 583 940 611 debet
968 591 1032 612 esse
1060 584 1190 619 Verum,
1218 584 1368 619 lividam,
1398 583 1531 613 Paeimum
1558 590 1586 612 et

71 636 279 675 Adacquatum
300 635 368 672 (2)
396 634 618 664 Leibnitzianae
647 635 769 663 Scholae
799 635 972 671 principium
1006 643 1064 664 non
1100 637 1233 665 omnibus
1266 637 1390 664 numeris
1414 635 1590 668 'absolutum

72 688 187 717 videtur
207 693 249 724 (3
263 688 291 724 ).
333 685 388 714 Est
414 685 580 722 ambiguum
600 694 627 715 et
653 687 761 715 idcirco
780 686 877 714 minus·
899 686 1027 716 evidens.
1071 687 1187 715 Scilicet
1204 688 1352 723 quaeritur
1373 695 1510 723 quaenam
1530 694 1593 721 per·

72 739 162 768 sectio
187 739 342 774 innuatur,
371 747 405 767 an
426 738 550 775 Physica
581 738 643 766 sola
667 746 703 766 an
727 745 795 766 vero
824 737 954 766 Moralts
979 738 1070 775 (422
1109 738 1138 766 Si
1165 739 1284 775 physica
1315 740 1395 774 sola,
1418 738 1592 774 principium

73 797 133 818 non
156 797 199 818 est
228 790 433 825 adaequatum:
466 798 524 818 non
547 789 621 817 enim
657 789 793 818 debemus
823 796 954 817 nostrum
988 795 1097 817 tantum
1124 791 1347 819 emolumentum
1380 789 1459 818 cordi
1494 790 1595 818 habere

75 841 124 869 sed
149 841 230 869 etiam
254 849 429 871 consensum
455 849 522 870 cum
547 841 657 869 nostris
680 840 881 870 relationibus.
919 840 1066 869 Praeterea
1092 841 1242 870 hominum
1264 842 1298 870 de
1321 840 1500 871 Perfectione
1516 841 1594 877 Phy-

75 892 136 921 sica
164 893 240 921 ideae
265 892 348 921 valde
374 892 519 922 differunt.

112 943 142 971 Si
167 951 236 972 vero
264 942 466 972 Leibnitziana
491 943 597 972 Schola
617 951 676 972 non
700 948 811 971 tantum
836 942 989 978 physicam
1014 943 1064 971 sed
1087 950 1115 973 et
1130 943 1270 972 Moralem
1289 942 1492 980 perfectionem
1512 949 1595 977 spec·

81 995 195 1024 tandam
221 1003 284 1023 esse
307 996 442 1029 censuit,
464 1001 533 1022 tunc
556 1002 669 1030 semper
692 1001 842 1030 superest,
864 1002 1000 1029 quaenam
1025 995 1086 1024 sint
1104 995 1174 1030 illa,
1196 1003 1268 1030 quae
1285 994 1398 1023 faciunt
1420 995 1455 1023 al
1475 1001 1598 1022 consen-

75 1042 142 1074 'sum
168 1053 233 1073 cum
256 1045 445 1073 relationibus
469 1045 591 1073 nostris.

78 1099 79 1102 ’
117 1096 207 1125 Porro
234 1095 408 1132 principium
437 1104 499 1124 non
525 1096 636 1124 videtur
661 1097 800 1134 prt'mum.
855 1096 931 1126 Nam
957 1097 1073 1125 aliunde
1096 1096 1225 1125 ducenda
1255 1102 1300 1125 est
1324 1095 1398 1125 ratio
1424 1103 1478 1123 cur
1500 1094 1599 1123 debea-

72 1152 142 1176 mus
173 1155 228 1175 nos
256 1146 409 1183 perficere,
429 1154 457 1174 et
485 1154 537 1174 cur
562 1146 591 1174 id
617 1147 704 1175 nobis
729 1148 814 1176 officii
836 1148 925 1177 instar
946 1149 1103 1176 incumbat.

121 1198 337 1235 Obligationem
360 1198 494 1226 moralem
522 1197 651 1226 definivit
676 1199 877 1227 Leibnitziana
901 1199 1028 1234 Schola,
1054 1198 1272 1227 Connexionem
1295 1199 1437 1235 qu'usque
1463 1196 1600 1226 momenti

71 1248 146 1278 'cum
171 1250 293 1278 Actione
315 1249 405 1286 (523
436 1257 508 1284 quae
534 1249 664 1278 definitio
693 1250 813 1286 reliquis
840 1251 1023 1286 dogmatibus
1048 1250 1252 1286 philosophiae
1278 1249 1496 1278 Leibnitzianae
1518 1248 1601 1276 miri·

436 1299 561 1329 Causam
589 1309 661 1336 quae
690 1302 724 1329 ad
751 1301 896 1330 Virtutem
919 1302 1101 1330 excolendam
1133 1309 1187 1330 nos
1209 1301 1329 1330 incitare
1347 1301 1449 1335 debet,
1470 1299 1602 1328 dicebant

641 1352 794 1388 Propterea
821 1360 915 1381 autem
945 1352 1125 1389 obligatione
1155 1352 1255 1382 morali
1285 1359 1432 1387 tenemur,
1463 1349 1601 1387 quoniam

1554 1401 1602 1430 hic

113 1501 130 1538 (
144 1501 183 1538 1)
201 1503 243 1529 Sic
259 1502 381 1535 judicavit
399 1503 441 1530 Cl.
461 1503 523 1530 Cras
543 1503 647 1536 Disput.
664 1504 711 1531 cit.
729 1512 758 1536 p.
769 1512 813 1538 49.
849 1503 885 1530 Et
903 1505 1005 1536 Gai-ve,
1025 1504 1178 1536 Grondbeg.
1196 1504 1240 1530 der
1254 1503 1422 1536 Zedekunde‚
1441 1511 1468 1536 p.
1487 1509 1545 1536 190.

116 1548 184 1583 (2)
202 1551 245 1576 Cl.
272 1550 297 1575 S.
319 1550 344 1584 J.
370 1558 417 1576 van
436 1550 467 1576 de
491 1551 644 1583 Wynpersse
665 1551 690 1575 in
713 1551 897 1584 Philosophiae
916 1552 1015 1578 moralis
1035 1551 1255 1582 institutionibus,
1284 1551 1309 1585 ᾗ.
1327 1552 1385 1584 187.

71 1638 75 1643 ί
115 1595 184 1630 (³)
202 1595 300 1621 nudem
323 1597 350 1632 ς.
365 1604 392 1629 9.

115 1642 179 1678 (4)
198 1643 268 1669 Bona
287 1650 345 1668 sunt
359 1644 398 1668 vel
415 1642 522 1676 Physica
538 1644 578 1669 vel
592 1643 719 1670 Moralia.
755 1644 839 1670 Probe
859 1645 996 1671 notandum
1018 1650 1055 1670 est
1070 1646 1165 1670 bonum
1185 1643 1313 1677 physicum
1332 1644 1462 1669 continere
1481 1649 1540 1669 cum
1554 1643 1604 1668 bo-

82 1697 140 1716 num
157 1697 316 1724 corporeum,
337 1689 431 1714 faciens
447 1689 476 1714 nd
495 1690 678 1722 perfectionem
700 1691 837 1724 corporls3
856 1698 908 1717 tum
929 1692 1026 1717 bouum
1046 1692 1175 1717 rationale
1193 1698 1319 1723 corporeo
1335 1690 1509 1723 praestantius.
1546 1688 1607 1714 Prae

81 1738 186 1764 caeteris
214 1738 305 1762 eminet
324 1737 419 1762 bonum
442 1738 553 1769 morale,
579 1738 648 1770 quod
669 1739 777 1771 pertinet
797 1737 828 1763 ad
856 1744 1007 1764 consensum
1033 1744 1146 1764 nostrum
1167 1744 1225 1763 curn
1250 1737 1323 1763 rebus
1348 1743 1481 1763 extrarios
1507 1735 1606 1768 positis.

83 1783 165 1810 Conf.
186 1784 221 1810 cl.
236 1791 282 1808 van
299 1783 331 1808 de
347 1784 521 1816 Wynpersoe,
541 1785 558 1810 1.
576 1785 593 1811 1.
614 1785 638 1818 §.
651 1785 693 1816 69.

116 1831 216 1857 Bonum
235 1830 327 1856 rnorale
342 1837 365 1855 et
385 1831 522 1863 physicum
543 1839 593 1856 non
613 1832 670 1856 satis
689 1838 702 1856 a
724 1831 899 1860 Leibnitziana
915 1831 1008 1858 Schola
1034 1831 1177 1859 distinctum
1198 1839 1254 1858 esse
1278 1831 1355 1857 docet
1369 1830 1516 1863 Dryfhout:
1534 1828 1603 1856 nisa.

84 1876 116 1903 de
129 1878 284 1904 Moralitate
301 1879 438 1903 actionum.
457 1878 482 1910 §.
497 1885 529 1910 43
542 1897 550 1909 ,
569 1879 593 1902 in
609 1878 769 1910 syntagmate
786 1878 894 1905 Dissert.
909 1880 1004 1907 Moral.
1022 1879 1063 1908 ed.
1077 1887 1091 1906 a
1107 1880 1150 1908 CI·
1167 1878 1316 1912 Tydeman,
1334 1885 1362 1911 p.
1380 1884 1438 1911 170.

119 1922 185 1958 (ς)
203 1923 286 1952 Wolf.
305 1924 371 1952 Phil.
388 1925 472 1952 Pract.
497 1924 531 1952 Τ.
546 1924 569 1952 1.
596 1925 621 1959 §.
636 1926 692 1952 118.
718 1931 743 1951 et
766 1923 857 1952 Ethlca
878 1925 904 1960 §.
920 1933 964 1954 πο.
