1946 2517
317 156 352 194 ¹'4
616 159 997 191 GUILIELMI
1057 159 1524 190 WENCKEBACH*

317 242 396 276 tius,
418 242 468 277 qui
485 248 640 279 utrumque
658 244 848 272 baronietrurn
867 243 952 271 variis
971 243 1064 271 modis
1081 241 1235 279 perfectius
1257 243 1370 272 reddere
1385 243 1526 279 tentavit,
1547 247 1668 272 conatus
1684 248 1727 272 est
1743 243 1827 272 etiam
1850 277 1858 281 p

317 290 348 319 in
376 291 540 322 barometro
566 295 770 330 siphonitormi
797 295 911 323 Primii
944 294 1090 322 inventum
1123 295 1272 323 adhibere:
1301 296 1340 323 ita
1368 296 1432 325 scil.
1455 293 1624 324 construxit
1647 295 1775 331 tubum,
1794 301 1828 324 ut

320 349 388 370 crus
413 343 527 373 brevius
549 346 746 374 terminaretur
759 347 864 382 plano,
885 345 914 374 in
937 353 996 380 quo
1014 354 1044 374 se
1068 346 1155 374 libere
1177 347 1332 382 expandere
1355 353 1454 383 posset
1474 354 1651 375 mercurius:
1674 347 1724 375 sed
1740 355 1826 382 appa·

317 393 376 421 ruit
395 401 465 424 tunc
478 416 487 430 ‚
510 403 587 425 tanta
602 403 754 425 curvatura
770 397 833 424 tubi
849 405 924 433 opes
939 405 1022 433 esse,
1045 404 1077 426 ut
1097 397 1184 426 nimia
1198 396 1296 426 frictio
1312 398 1377 426 inde
1392 405 1453 427 orta
1475 397 1606 427 mercurii
1631 404 1726 426 motus
1746 397 1826 426 valde

315 443 485 479 impediret:
509 446 596 482 igitur
614 447 672 475 alio
689 449 774 476 modo
795 456 915 476 exorsus
932 449 1092 485 cylindrum
1114 449 1234 476 vitreum
1266 449 1437 483 adhibebat,
1460 457 1541 485 quem
1565 457 1598 477 eo
1619 449 1755 484 usquein
1773 448 1826 476 rni-

316 502 372 522 nus
393 496 523 530 srplionis
542 505 608 525 crus
626 497 828 535 immergebat,
848 507 898 528 aut
930 507 962 528 ex
979 507 1013 528 eo
1035 499 1216 534 extrahebat,
1238 499 1328 529 donec
1354 501 1486 528 mercurii
1506 500 1673 536 superficies
1693 500 1722 527 in
1738 507 1771 527 eo
1788 499 1824 527 ad

315 544 388 572 illud
404 552 546 580 punctum
565 555 672 584 staret,
694 550 769 578 unde
794 551 884 578 scalae
901 551 1016 579 initium
1041 550 1159 579 ductum
1184 557 1276 579 esset:
1299 551 1413 579 videtur
1439 558 1529 579 tamen
1548 550 1614 579 haec
1633 551 1705 579 ratio
1724 549 1820 578 minus

319 595 459 631 simplex,
481 606 566 633 quam
589 599 612 627 si
633 601 718 628 modo
736 602 899 636 duplicetur
924 601 1068 635 mutatio,
1089 601 1119 629 in
1143 602 1248 637 majore
1263 609 1345 630 crure
1363 603 1511 630 observata
1525 622 1534 637 ‚
1556 609 1605 630 aut
1624 601 1651 630 si
1670 601 1826 629 observen-

316 650 364 673 tur
381 649 552 677 mutationes
570 650 598 677 in
619 658 743 686 utroque
765 660 867 687 crure,
889 660 992 687 eaeque
1010 652 1072 680 sive
1089 652 1228 680 addantur
1246 651 1308 680 sive
1323 652 1547 681 substrahantur
1563 662 1578 681 a
1595 661 1623 680 se
1641 652 1774 681 invicem.

355 696 408 725 Uti
424 698 453 727 in
476 700 643 728 harometris
672 701 775 738 pyxide
798 703 949 731 instructis
963 722 973 738 ,
1002 703 1042 731 ita
1059 710 1176 738 quoque
1196 703 1223 730 in
1248 702 1509 737 siphoniformibus
1534 712 1591 732 non
1610 711 1709 732 omnes
1725 703 1825 732 eodem

316 749 404 776 modo
421 751 591 779 mercurium
612 751 643 780 in
664 760 745 781 crure
762 754 865 790 majore
886 753 1077 783 incluserunt.
1117 752 1231 781 Primus
1248 752 1307 782 fuit
1323 753 1368 782 Dc
1383 754 1494 783 Lucius
1513 754 1603 792 (1),
1623 755 1675 791 qui
1697 762 1732 783 eo
1753 761 1826 782 con-

313 798 380 828 silio
401 801 576 837 excogitavit
597 804 782 838 epistomium
813 803 842 832 in
868 804 961 832 medio
979 803 1038 832 fere
1057 812 1139 833 crure
1165 804 1286 833 minori:
1309 811 1504 841 composrtnm
1531 812 1589 834 erat
1612 812 1717 841 nempe
1732 805 1824 832 hocce

314 858 382 878 crus
397 859 430 879 ex
449 853 564 882 duobus
581 854 679 890 tubis,
701 855 755 890 qui'
768 856 1018 892 conjungebantur
1045 864 1095 891 per
1117 856 1240 884 canalem
1260 855 1289 883 in
1315 856 1440 885 eburneo
1458 857 1597 892 quadrato
1621 856 1695 900 inter
1713 862 1823 885 utrum-

318 909 374 936 que
391 903 505 937 posito:
529 904 576 932 hic
595 906 702 934 canalis
719 906 963 935 intercludebatur
974 907 1048 935 clavi
1068 906 1186 935 suberea
1201 927 1210 942 ,
1232 915 1304 942 quae
1327 908 1479 936 manubrio
1501 908 1626 936 eburneo
1645 906 1751 936 moveri
1773 914 1825 941 po-

315 956 404 980 terat:
430 954 453 982 si
470 954 558 990 igitur
579 956 768 986 barometrnm
797 967 883 986 suum
904 959 1046 994 portabile
1065 958 1177 992 reddere
1202 958 1338 993 volebat,
1359 964 1469 987 tantum
1495 967 1528 987 eo
1553 967 1645 994 usque
1667 958 1825 988 inclinabat

312 1000 406 1038 illud,
426 1004 517 1034 donec
547 1007 642 1036 omnis
670 1009 827 1038 mercurius
854 1009 883 1038 in
910 1009 983 1037 tubo
1012 1009 1121 1037 minore
1144 1009 1198 1036 sub
1223 1009 1383 1044 epistomio
1407 1016 1501 1045 esset,
1523 1016 1549 1038 et
1577 1010 1632 1038 hoc
1653 1008 1824 1044 claudebat,

315 1057 396 1080 versa
415 1053 504 1083 clavi.
548 1056 626 1086 Haec
642 1060 825 1088 constructio
839 1080 848 1094 ,
869 1059 1000 1095 quamvis
1020 1058 1091 1087 bene
1111 1059 1262 1095 proposito
1279 1059 1479 1095 satisfaceret,
1499 1067 1592 1088 tamen
1610 1061 1718 1096 quippe
1734 1058 1824 1088 nimis

313 1104 497 1140 composita,
520 1107 620 1136 deinde
646 1110 747 1145 rejecta
766 1116 829 1138 est:
853 1111 915 1147 ejus
940 1110 1007 1137 loco
1029 1109 1234 1138 Rosemlmlius
1258 1110 1353 1138 cruris
1380 1109 1498 1138 minoris
1525 1117 1630 1146 partem
1647 1117 1731 1145 eam,
1751 1117 1826 1145 quae

314 1159 358 1180 est
385 1162 480 1191 prope
502 1164 704 1196 curvaturam,
734 1160 927 1196 angustiorem
953 1159 1092 1195 reddidit,
1114 1168 1201 1196 arque
1228 1160 1429 1189 obluraculum
1457 1160 1626 1195 subereum‚
1655 1160 1723 1188 huic
1746 1159 1823 1196 parti

315 1211 502 1243 congruens,
524 1209 616 1246 fecit,
639 1211 718 1246 quod
742 1219 797 1247 ope
816 1211 970 1245 cochleae,
993 1217 1118 1239 extremo
1136 1211 1211 1238 cruri
1231 1211 1355 1246 adfixae,
1377 1212 1406 1240 in
1425 1219 1484 1240 eam
1501 1213 1631 1240 adactum
1649 1211 1750 1240 tubum
1766 1218 1825 1239 tna·

310 1253 403 1290 iorem
422 1260 653 1296 mercuriumque
671 1261 698 1289 in
717 1269 751 1290 eo
769 1268 937 1290 contentum
959 1261 1188 1296 intercludebat,
1209 1266 1238 1289 et
1259 1261 1432 1291 immobilem
1455 1263 1600 1292 reddebat.
1643 1262 1823 1292 Benzenber·

310 1307 401 1341 gius,
423 1307 466 1336 vir
481 1309 510 1337 in
527 1310 582 1338 hoc
604 1319 704 1347 genere
723 1320 838 1348 propter
856 1313 973 1349 longum
1005 1320 1088 1340 usum
1115 1312 1237 1348 plurima
1264 1313 1436 1342 auctoritate
1458 1313 1582 1350 dignus,
1603 1319 1713 1343 tantum
1733 1313 1826 1345 utitur

312 1354 418 1385 bacillo
437 1365 572 1396 cetaceo,
594 1361 672 1396 quod
693 1363 784 1391 serico
803 1363 1047 1392 circumvolutum
1069 1363 1096 1392 in
1116 1363 1179 1391 tubi
1204 1369 1354 1400 angustam
1383 1371 1491 1400 partem
1517 1364 1693 1392 immittitur.
1713 1379 1749 1389 —
1769 1363 1826 1392 sed

313 1408 441 1436 omnium
470 1416 562 1439 tamen
591 1411 842 1446 simplicissimum
871 1421 914 1442 est
936 1414 1126 1442 barometrum
1151 1423 1166 1442 a
1191 1414 1413 1452 Gay-Lussacio
1439 1415 1507 1451 (2)
1539 1414 1709 1450 inventum,
1736 1414 1821 1452 (vid,

313 1456 363 1494 fig·
383 1461 439 1496 5.)
462 1461 488 1489 in
512 1470 573 1497 quo
592 1464 676 1491 nullo
695 1472 770 1500 opus
788 1470 832 1492 cst
850 1464 1044 1495 obturaculo:
1066 1465 1113 1493 hic
1131 1458 1203 1493 enim
1228 1474 1298 1493 usus
1316 1474 1346 1494 ea
1369 1466 1501 1494 mercurii
1528 1465 1720 1501 proprietate,
1742 1465 1822 1501 quod

315 1507 354 1537 ixa
372 1510 433 1546 ejus
451 1513 606 1546 particulae
625 1514 792 1543 seinvicem
812 1515 988 1552 adtrabunt,
1012 1523 1043 1544 ut
1057 1523 1106 1551 per
1121 1523 1271 1550 angustam
1289 1523 1446 1552 aperturam
1466 1518 1584 1545 transire
1604 1524 1662 1545 non
1682 1516 1822 1552 possint,

314 1560 396 1588 etiarn
415 1561 535 1591 alterum
558 1564 693 1599 siphonis
712 1574 779 1594 crus
801 1565 853 1594 CY
873 1566 990 1595 fusione
1005 1567 1131 1602 clausit,
1154 1568 1229 1595 seda
1246 1568 1332 1596 latere
1346 1568 1374 1596 in
1386 1576 1420 1596 eo
1435 1575 1596 1603 aperturam
1615 1566 1774 1603 capillarern
1794 1565 1823 1596 Τ

314 1610 406 1647 fecit,
427 1622 477 1649 per
496 1622 579 1650 quam
599 1615 642 1642 aiii·
656 1615 770 1650 quidem
790 1616 925 1645 facillime
944 1617 1061 1645 introire
1079 1624 1198 1654 potest,
1220 1625 1246 1646 et
1264 1619 1292 1647 in
1315 1619 1485 1647 mercurium
1508 1627 1540 1646 so
1554 1618 1622 1646 itam
1644 1618 1820 1653 pressionem

313 1670 453 1698 exercerc,
476 1665 631 1694 mercurius
647 1675 715 1695 vero
733 1667 814 1696 nullo
832 1669 917 1696 modo
940 1669 1072 1703 efflicte,
1097 1669 1190 1704 itaque
1214 1669 1402 1698 barometrum
1424 1668 1527 1696 inverti
1551 1672 1669 1704 potest,
1690 1674 1723 1696 ut
1735 1668 1822 1697 obtu-

312 1714 410 1742 taculo
427 1723 482 1742 non
503 1724 577 1751 opus
598 1716 656 1752 sit,
679 1725 710 1745 ut
729 1719 890 1747 ostenditur
910 1719 958 1755 lig.
974 1721 1003 1748 6.

353 1764 509 1799 Postquam
547 1767 584 1794 ita
613 1767 861 1803 simplicissimum
889 1771 1028 1800 redditum
1059 1778 1103 1800 est
1139 1771 1328 1800 baronietrum
1359 1770 1589 1806 siphoniforme‚
1618 1776 1694 1798 certe
1718 1769 1818 1798 multis

313 1817 480 1845 nominibus
508 1824 633 1854 praestat
657 1819 818 1850 barometro
847 1823 950 1859 pyxide
981 1823 1148 1859 instruct03
1179 1830 1238 1851 tum
1264 1823 1332 1860 quia
1364 1831 1422 1852 non
1447 1831 1522 1859 opus
1546 1829 1589 1850 est
1615 1821 1675 1850 sive
1699 1821 1818 1850 cochlea

1757 1879 1820 1901 sive

336 1943 387 1968 (ι)
408 1944 473 1965 Μαι.
498 1947 523 1968 Τ.
540 1947 568 1969 ll.
593 1954 615 1974 p.
635 1954 643 1970 ι
661 1953 682 1969 er
700 1954 763 1975 scqu·

336 1983 387 2010 (2)
409 1986 477 2021 Cont‘.
501 1993 588 2014 ιιοτ,
610 1988 675 2012 Vter.
689 1990 758 2013 Elem.
780 1991 809 2013 Τ.
826 1991 842 2013 1.
863 1998 885 2019 p,
905 1997 952 2020 ¹⁹⁵·
