1946 2517
371 169 408 204 72
777 166 1120 199 GULtELMI
1178 166 1480 200 DELPRAT

374 250 492 281 mentis.
529 250 688 288 Nunquam
711 252 854 282 hominem
882 252 1023 288 fingemus
1049 251 1173 288 pejorem
1196 258 1280 288 quam
1305 258 1399 281 revera
1424 257 1479 281 est.
1520 250 1575 281 Sed
1598 259 1691 289 neque
1711 252 1797 283 etiam
1813 253 1882 284 adeo

375 302 591 339 philosophiam
613 303 832 339 relinquamus,
855 310 887 332 ut
914 303 1057 332 hominem
1080 302 1161 330 talem
1184 308 1338 337 putemus,
1362 302 1454 338 qualis
1476 310 1538 331 esse
1561 302 1696 340 deberet,
1719 312 1806 341 atque
1824 306 1880 334 hu-

374 359 485 381 manam
521 359 650 382 naturam
685 353 795 382 nostris
826 353 1055 390 systematibus,
1086 358 1239 390 systemata
1267 361 1335 382 vero
1365 361 1423 382 non
1449 353 1588 383 humanae
1623 361 1738 389 naturae
1767 364 1882 385 accom-

371 404 533 434 modernus.

409 454 511 483 Omnis
538 455 573 483 de
596 455 744 485 Felicitate
766 456 904 493 cogitatio
929 456 960 485 in
987 456 1104 486 Virtute
1126 455 1239 485 excludi
1264 456 1358 485 debet.
1400 457 1454 486 Sed
1476 465 1528 487 cur
1552 457 1639 494 igitur
1665 457 1808 488 Virtutem
1837 467 1883 488 se-

370 504 439 541 qui,
459 513 513 534 cur
536 506 655 536 Rationi
683 506 827 536 Praeticae
849 508 964 536 obedire
988 507 1101 536 debeo?
1133 508 1196 536 Hoc
1219 508 1342 537 Kantius
1367 508 1438 537 dicit
1458 508 1608 547 problema
1634 509 1711 548 quod
1734 510 1805 540 solvi
1831 519 1880 539 ne·

371 558 436 594 quit
459 557 548 594 (x):
570 565 711 594 provocat
729 560 763 588 ad
780 558 932 590 Rationem
944 579 955 596 ,
976 559 1011 588 ad
1029 558 1182 588 Rationem
1207 566 1279 594 quae
1297 565 1398 596 rogat,
1417 567 1559 596 provocat
1578 561 1614 589 ad
1633 560 1765 598 Judicem
1792 562 1837 599 cuj
1845 569 1877 590 us

369 607 566 637 auctoritatem
592 610 706 646 probari
727 611 827 647 cupio.

408 657 439 686 Si
459 659 516 696 jam
541 660 577 689 ad
595 661 673 690 illius
691 660 823 690 Rationis
848 661 992 691 Praeticae
1013 662 1089 699 leges
1114 667 1143 690 et
1164 667 1312 697 praecepta
1331 661 1529 698 attendimus,
1549 662 1580 692 in
1603 663 1776 700 quibusdam
1804 661 1881 693 Kan-

367 706 425 736 tius
450 708 505 738 sibi
528 718 588 740 non
613 719 765 748 constare,
785 713 815 742 in
843 713 1015 749 quibusdam
1038 721 1145 742 errasse
1171 713 1296 743 videtur·

403 759 495 790 Prima
518 762 565 792 lex
590 772 663 799 quae
686 765 813 794 occurrit
842 765 910 793 haec
939 771 1002 794 est:
1032 764 1097 802 Age
1124 763 1275 793 secundam
1302 773 1366 793 eam
1398 773 1549 802 normam,
1580 774 1666 803 quam
1693 765 1765 797 velle
1789 773 1881 804 posses

365 809 453 849 legem
475 812 668 844 universalem
699 815 827 844 omnibus
850 815 1008 844 hominibus
1031 825 1098 847 esse.

406 863 447 892 At
465 864 511 893 hic
533 865 674 896 Kantiana
691 867 795 896 Ethica
812 867 869 896 sibi
888 873 1019 896 constare
1039 875 1098 897 non
1117 867 1240 896 videtur.
1280 868 1356 897 Nam
1374 862 1469 904 primo
1485 867 1608 897 Kantius
1630 867 1688 896 sibi
1705 875 1764 896 non
1781 867 1880 904 obiec-

370 913 429 943 tive
448 915 667 946 demonstratam
689 919 774 947 habet
794 919 942 947 hominum
963 920 1024 947 sive
1047 920 1232 948 existentiam
1251 920 1312 947 sive
1328 919 1590 948 universalitatem:
1614 918 1693 954 quod
1715 925 1759 947 est
1778 917 1881 946 funda-

367 971 495 994 mentum
514 967 603 1005 hujus
624 969 705 1006 legis.
745 969 889 999 Praeterea
910 970 980 998 dicit
1006 971 1093 1007 legem
1113 971 1246 999 moralem
1269 971 1466 1006 rationemque
1485 971 1638 1006 practicam
1658 971 1766 998 nullam
1785 976 1880 1005 neque

363 1015 458 1045 damni
480 1026 574 1054 neque
601 1020 788 1049 emolumenti
818 1020 954 1049 rationem
979 1021 1080 1050 habere
1101 1022 1210 1050 debere.
1253 1021 1314 1058 Jain
1343 1022 1488 1056 quomodo
1514 1020 1584 1056 quid
1611 1027 1710 1056 optare
1733 1025 1878 1056 possum,

363 1067 408 1094 uti
430 1067 477 1096 hic
503 1075 602 1105 optare
630 1072 701 1107 quid
731 1071 819 1100 debeo
839 1072 1070 1108 (legislationem
1097 1080 1140 1100 sc.
1167 1071 1401 1107 universalem),
1431 1070 1487 1099 nisi
1509 1070 1645 1098 utilitatis
1671 1077 1720 1099 aut
1746 1071 1878 1107 propriae

363 1124 413 1146 aut
437 1120 600 1149 communis
631 1122 740 1151 ratione
769 1122 890 1151 habita?
918 1123 1025 1151 Misere
1050 1122 1112 1151 sine
1136 1123 1225 1152 dubio
1250 1132 1315 1152 cum
1339 1122 1506 1152 hominibus
1534 1128 1628 1150 actum
1652 1121 1727 1150 foret
1748 1121 1773 1150 si
1799 1129 1879 1150 men·

362 1167 496 1206 dacium,
517 1170 627 1200 furtum
652 1179 707 1203 etc.
731 1174 805 1209 leges
828 1179 926 1202 essent
947 1174 1136 1203 universales.
1180 1174 1270 1211 Igitur
1295 1175 1361 1203 haec
1387 1173 1490 1202 delicta
1510 1172 1655 1201 committi
1674 1180 1734 1201 non
1757 1172 1873 1201 debent.

362 1219 417 1248 Sed
439 1221 480 1250 sic
506 1222 536 1251 in
559 1224 654 1252 Kantii
687 1224 848 1261 Systemate
871 1225 960 1255 Ratio
984 1226 1112 1256 Practica
1142 1225 1188 1253 hic
1218 1234 1288 1261 pura
1320 1233 1380 1253 non
1406 1214 1520 1260 manet,
1553 1224 1600 1252 hic
1627 1223 1749 1252 attendit
1775 1221 1819 1251 ad
1838 1231 1874 1252 ea

361 1280 435 1308 quae
455 1271 554 1311 fiunt,·
574 1275 621 1303 hic
650 1276 727 1313 leges
753 1285 822 1306 suas
849 1285 910 1306 non
934 1277 990 1305 edit
1015 1277 1078 1306 sine
1104 1285 1236 1314 respectu
1256 1284 1435 1306 externorum
1463 1283 1491 1304 et
1514 1276 1548 1304 ad
1575 1276 1669 1304 solum
1696 1275 1806 1303 bonum
1829 1279 1874 1302 at-

361 1323 500 1360 tendens3
523 1326 572 1354 sed
595 1326 641 1355 hic
666 1335 759 1356 revera
787 1328 924 1356 rationem
945 1328 1030 1356 habet
1058 1329 1189 1363 ipsorum
1215 1328 1369 1356 effectuum
1394 1326 1519 1356 Virtutis
1546 1332 1574 1354 et
1598 1325 1682 1355 Vitii.
1760 1361 1762 1365 y

401 1373 517 1410 Quodsi
544 1376 656 1405 dicatur
677 1379 834 1406 secundum
856 1378 928 1407 hanc
950 1379 1058 1415 legem,
1079 1386 1139 1407 non
1163 1383 1220 1407 tam
1244 1378 1401 1413 optandum
1429 1384 1491 1404 esse
1516 1375 1623 1404 bonnm
1643 1375 1788 1412 physicum
1809 1373 1871 1403 sive

357 1424 531 1462 utilitatem,
553 1436 636 1463 quam
661 1429 769 1457 bonum
793 1430 924 1465 morale,
953 1430 1021 1458 haec
1045 1431 1092 1459 lex
1118 1431 1231 1459 nullum
1260 1427 1318 1456 fere
1342 1435 1426 1456 usum
1453 1426 1554 1454 habere
1580 1425 1704 1454 videtur.
1753 1425 1871 1454 Scilicet

359 1475 468 1506 bonum
491 1479 598 1508 morale
619 1480 690 1508 illud
716 1486 760 1509 est
788 1481 867 1516 quod
892 1481 926 1509 ad
954 1481 1162 1517 perfectionem
1189 1481 1322 1509 moralem
1343 1477 1424 1506 facit.
1466 1476 1497 1505 Si
1516 1484 1592 1504 nunc
1612 1484 1699 1512 rogo:
1721 1475 1865 1514 quodnam

358 1528 457 1559 bonum
482 1531 592 1560 morale
605 1531 710 1567 facere
734 1531 842 1562 debeo?
866 1539 922 1571 per
948 1533 1025 1571 quod
1048 1533 1090 1563 ad
1105 1533 1308 1571 perfectionem
1330 1527 1469 1558 moralem
1495 1526 1605 1555 tendo?
1634 1528 1730 1563 regula
1751 1534 1871 1564 respon·

359 1582 424 1611 det:
445 1589 500 1620 per
519 1582 553 1611 id
572 1582 647 1621 quod
664 1582 705 1611 ad
718 1584 923 1621 perfectionem
944 1586 1082 1614 mot-alem
1103 1584 1197 1613 tendit
1217 1584 1297 1620 (2).

397 1632 542 1670 Quaedam
565 1642 684 1670 quoque
707 1636 884 1664 observanda
911 1637 1043 1665 videntur
1068 1637 1097 1666 in
1124 1637 1231 1665 hancce
1256 1633 1415 1670 Regulam:
1446 1630 1586 1660 Humana
1611 1635 1722 1658 nazara
1747 1637 1810 1658 cum
1834 1629 1867 1657 in

357 1689 385 1711 ee
398 1703 408 1718 ,
428 1688 488 1711 tum
513 1685 545 1711 in
566 1684 633 1713 aliis
654 1694 709 1714 non
733 1692 766 1713 ut
794 1686 884 1715 medio
911 1687 961 1716 sed
976 1694 1010 1716 ut
1032 1687 1093 1724 fine
1112 1695 1206 1717 utere.

395 1733 463 1762 Sine
487 1734 576 1762 dubio
604 1735 803 1765 irrationaliter
826 1738 850 1765 is
871 1744 964 1774 ageret
989 1739 1040 1774 qui
1064 1749 1094 1769 se
1116 1740 1252 1769 utendum
1277 1737 1396 1766 traderet
1413 1743 1446 1764 eo
1467 1734 1532 1763 solo
1552 1732 1725 1769 proposito,
1750 1738 1782 1761 ut
1810 1740 1869 1760 me-

357 1783 433 1813 dium
458 1791 552 1822 esset,
573 1794 632 1823 quo
656 1787 778 1817 aliorum
801 1788 913 1819 utilitas
939 1795 988 1819 aut
1011 1789 1135 1820 felicitas
1157 1789 1393 1819 constitueretur.
1433 1784 1566 1813 Perverse
1590 1790 1705 1818 quoque
1729 1783 1753 1811 is
1773 1788 1866 1818 ageret

1809 1840 1861 1868 qut

387 1918 452 1953 (r)
472 1920 546 1948 Kant.
564 1922 680 1954 Metaph.
694 1922 797 1949 Morum
822 1933 848 1957 p.
862 1931 907 1958 34¹
927 1932 951 1951 et
968 1932 1015 1958 34²
1032 1931 1057 1952 et
1079 1925 1201 1960 imprimis
1221 1931 1281 1957 343.
1316 1918 1589 1954 ItlcOWPVChffiffbflc'n
1609 1917 1673 1944 banc
1695 1915 1862 1943 obedienmm

352 1964 412 1990 dicit
431 1967 454 1990 in
473 1966 520 1992 sinc
538 1967 655 2000 n'letaph.
675 1969 745 1995 Mor.
782 1970 829 1997 Cf.
848 1980 873 1996 ν.
890 1972 996 1997 Ilemert
1016 1973 1038 2000 1.
1059 1973 1106 1999 166
1122 1979 1146 1998 et
1166 1974 1222 2006 187.

386 2011 449 2047 (ι)
468 2013 513 2041 Cf.
533 2014 592 2042 fici,
612 2022 639 2047 p.
655 2016 704 2042 108
717 2033 724 2047 ,
745 2022 803 2049 ¹09·
839 2017 923 2045 Garve
939 2018 1090 2046 zedekunde
1107 2026 1135 2052 p.
1153 2019 1201 2051 385
1218 2023 1273 2050 sqq.
1291 2016 1354 2048 ibiq.
1374 2020 1444 2040 Ποῖ*-
