1946 2517
295 189 343 242 ᾖ,
698 179 1040 213 GULIELMI
1098 177 1402 209 DELPRAT

339 268 372 298 In
398 266 588 298 Pei-fectionis
619 268 725 296 Amore
747 264 920 293 Felicitatem
943 271 976 291 ex
998 260 1156 291 Leibnitzii
1186 258 1330 290 sententia
1346 261 1430 290 sitam
1457 268 1519 289 esse
1549 259 1690 296 conjicere
1714 258 1804 294 licet,

305 326 339 347 ex
365 318 401 346 iis
426 326 497 353 quae
519 324 674 346 occurrunt
699 316 727 344 in
755 313 911 343 Theodicea
941 314 972 349 §-
996 313 1064 349 278.
1109 332 1127 347 ‚‚
1144 310 1247 340 Omnis
1279 311 1413 348 voluptas
1444 317 1487 339 est
1515 313 1659 349 perceptio
1682 310 1808 346 alicujus

302 368 529 409 perfectionis.'’
577 368 631 395 His
656 365 862 400 consentiunt,
894 373 966 400 quae
993 364 1078 392 habet
1105 363 1289 392 Leibnitzius
1319 363 1422 398 Praef.
1452 362 1496 391 ad
1522 361 1702 391 Theodiccam
1730 363 1758 399 §-
1781 371 1810 398 4.

312 439 331 453 ,‚
353 419 434 446 Nihil
467 417 613 452 acceptius
642 422 685 444 est
711 423 794 452 quam
822 422 913 443 amare
945 414 975 441 id
999 413 1077 448 quod
1101 421 1195 442 amore
1225 414 1342 450 dignum
1372 419 1426 443 est.
1472 412 1534 450 Jam
1565 420 1632 441 vero
1665 419 1743 440 amor
1767 417 1812 440 est

311 469 432 499 affectus
458 468 504 496 ille
524 468 574 503 qui
592 466 682 503 facit,
701 473 733 494 ut
753 465 929 494 oblectemur
948 463 1176 504 perfectionibus
1195 465 1255 500 rei,
1277 474 1360 501 quam
1380 462 1541 493 amamus.”
1581 463 1716 493 Eamdem
1736 470 1813 491 amo-

311 521 351 550 ris
378 519 462 548 tradit
487 519 681 548 definitionem
708 518 738 548 in
758 518 852 554 Opere
869 517 971 546 Essais
995 525 1047 545 sur
1071 515 1288 546 l’entendemcnt
1305 516 1445 545 humain:
1474 535 1492 552 ,‚
1512 523 1614 544 amare
1632 520 1674 543 est
1695 512 1814 552 disposi-

319 577 380 599 tum
400 578 456 598 esse
476 569 516 598 ad
535 570 747 599 oblectationem
773 567 942 607 capiendam
965 577 1001 597 ex
1022 567 1201 606 perfectione
1221 566 1306 604 (ι),
1333 574 1367 595 ex
1387 567 1487 602 bono,
1515 566 1576 595 sive
1602 573 1634 594 ex
1659 564 1814 594 Felicitate

318 623 380 660 ejus
399 622 438 650 rei
454 629 537 657 quam
556 629 690 650 amamus.
731 619 789 649 Sed
804 627 975 655 quamquam
993 618 1133 655 ejusmodi
1151 617 1371 646 oblectationem
1389 618 1472 646 etiam
1489 617 1661 654 percipimus
1682 624 1713 644 v.
1732 623 1760 652 g.
1779 622 1814 642 ex

315 673 413 703 tabula
434 674 534 710 picta,
556 681 614 702 non
639 673 716 700 hunc
738 679 859 699 amorem
886 668 1091 706 intelligimus:
1114 668 1266 697 verborum
1294 667 1469 705 significatio
1496 668 1581 697 latius
1601 674 1699 704 patet:
1722 667 1819 695 illum-

321 733 377 761 que
402 733 523 753 amorem
551 723 742 759 intelligimus
771 729 829 757 quo
855 719 981 757 jucunde
1004 718 1159 755 afficimur,
1182 719 1249 748 dum
1267 719 1320 755 id,
1350 720 1429 756 quod
1448 727 1595 754 amamus,
1619 726 1673 747 nos
1698 717 1820 746 delectat

318 784 368 814 per
389 784 469 804 suain
491 776 598 812 ipsius·
612 772 812 803 felicitatem.”
851 770 1002 801 Addantur
1019 770 1088 798 haec
1106 768 1264 798 Leibnitzii
1286 770 1370 799 verba
1390 770 1458 808 (2)
1488 789 1507 806 „
1522 776 1613 798 amare
1632 768 1695 797 sive
1721 767 1821 803 dilige-

320 836 350 857 re
367 835 410 857 est
435 828 574 857 felicitate
592 827 709 856 alterius
734 824 864 856 delectari
877 843 888 859 ,
909 823 974 859 vel,
1002 822 1082 858 quod
1108 821 1204 851 eodem
1230 820 1322 857 redit,
1343 820 1507 851 felicitatem
1525 820 1644 850 alienam
1664 817 1822 848 adsciscere

318 880 348 909 in
368 879 485 908 suam-’⁹
1726 901 1729 905 ,

364 953 383 968 ,‚
402 932 556 961 Manifeste
579 932 646 961 hinc
668 930 842 967 conficitur,
863 938 955 960 veram
976 928 1150 959 Felicitatem
1168 927 1328 958 consistere
1355 928 1384 956 in
1404 934 1498 956 amore
1518 924 1595 961 Dei,
1615 923 1666 953 sed
1685 922 1714 952 in
1732 928 1827 950 amore

322 983 486 1012 illuminato
501 1004 511 1018 ‚
532 984 615 1020 cujus
641 984 723 1011 ardor
748 982 882 1011 comitem
906 981 990 1010 habet
1013 981 1105 1010 lucem
1127 979 1213 1018 (3):
1235 987 1298 1008 nam
1316 979 1378 1008 Deo
1397 977 1469 1006 nihil
1495 975 1670 1012 perfectius:
1696 980 1728 1002 ut
1751 979 1828 1001 ame·

323 1041 372 1062 tur
393 1034 498 1062 sufficit
525 1035 587 1070 ejus
616 1033 805 1069 perfectiones
832 1031 959 1066 intueri,
981 1031 1061 1066 quod
1082 1030 1196 1066 quidem
1223 1029 1308 1069 facile
1332 1028 1384 1063 fit,
1405 1036 1471 1056 cum
1499 1034 1592 1055 earum
1617 1025 1692 1053 ideas
1722 1023 1752 1052 in
1775 1029 1830 1052 no-

324 1085 371 1113 bis
401 1084 585 1120 reperiamus.
628 1083 820 1112 Perfectiones
846 1081 899 1110 Dei
932 1087 1002 1109 sunt
1027 1079 1219 1116 perfectiones
1247 1069 1404 1108 animarum
1431 1083 1614 1112 nostrarum,
1640 1074 1692 1104 sed
1721 1068 1831 1110 absque

324 1137 414 1165 limite
444 1135 478 1164 ab
505 1136 556 1164 illo
583 1142 743 1171 possessae.
784 1132 916 1161 Oceanus
942 1132 966 1160 is
989 1137 1055 1166 est,
1084 1139 1099 1159 a
1124 1139 1183 1167 quo
1208 1138 1261 1159 nos
1283 1130 1375 1158 stillas
1400 1134 1509 1158 tantum
1535 1127 1718 1163 accepimus;
1739 1123 1833 1154 estin

326 1187 411 1217 nobis
448 1187 593 1222 aliquanta
626 1185 777 1221 potentia,
806 1183 951 1219 aliquanta
976 1181 1130 1218 cognitio,
1161 1181 1305 1216 aliquanta
1339 1179 1472 1215 bonitas3
1504 1179 1553 1208 sed
1578 1178 1608 1207 in
1641 1178 1704 1207 Deo
1734 1182 1834 1206 omnes

330 1239 429 1274 plenae
451 1243 519 1266 sunt
546 1244 632 1272 atque
658 1236 794 1271 integrae.
835 1234 935 1268 Ordo,
956 1232 1169 1269 perfectiones,
1191 1231 1337 1261 harmonia
1355 1230 1473 1259 mirifice
1498 1238 1553 1259 nos
1576 1229 1722 1264 afficiunt;
1743 1233 1838 1256 exem-

331 1289 380 1325 plo
404 1296 466 1316 esse
487 1294 612 1324 possunt
643 1287 756 1316 Pictura
778 1291 805 1314 et
831 1284 967 1321 Musicag
998 1283 1077 1312 Deus
1107 1289 1188 1312 totus
1221 1283 1292 1311 ordo
1316 1288 1379 1317 est,
1409 1281 1629 1318 proportionum
1660 1277 1839 1309 concinnita-

332 1345 387 1368 tetn
419 1346 566 1373 nunquam
596 1345 655 1366 non
682 1341 796 1370 servat,
829 1340 954 1370 praestat
978 1334 1154 1363 harmoniam
1183 1333 1392 1367 universalem,
1417 1334 1511 1361 omnis
1534 1329 1720 1368 pulchritudo
1745 1327 1839 1358 radio·

333 1397 397 1417 rum
418 1389 480 1425 eius
505 1395 549 1417 est
573 1387 715 1416 effluvium
740 1384 861 1424 (4).”

371 1439 506 1475 Denique
531 1439 609 1467 hunc
639 1438 721 1467 etiam
750 1439 848 1466 locum
876 1436 1010 1466 addamus
1030 1437 1110 1474 (5).
1160 1435 1287 1472 „Amor
1309 1441 1395 1463 verus
1421 1438 1465 1462 est
1496 1432 1544 1460 ille
1574 1432 1676 1460 mentis
1702 1429 1843 1464 affectus,

335 1499 396 1527 quo
421 1489 539 1518 ferimur
559 1490 594 1518 ad
614 1489 810 1518 delectandum
830 1487 947 1517 alterius
976 1487 1125 1516 felicitate.
1165 1486 1274 1522 Porro,
1295 1493 1360 1514 cum
1384 1484 1480 1514 divina
1505 1482 1628 1512 felicitas
1649 1482 1688 1510 sit
1715 1480 1844 1510 omniurn

340 1543 551 1581 perfectionum
578 1542 755 1576 confluxus,
779 1547 808 1570 et
833 1540 984 1570 delectatio
1012 1539 1052 1569 sit
1078 1547 1184 1569 sensus
1212 1536 1418 1574 perfectioni53
1441 1534 1508 1563 hine
1533 1540 1716 1568 consequens
1735 1537 1779 1560 est
1799 1538 1847 1560 ve-

341 1603 398 1624 ram
422 1603 485 1623 esse
507 1593 683 1622 Felicitatem
709 1597 817 1621 creatae
840 1592 943 1620 mentis
968 1590 999 1618 in
1026 1598 1112 1619 sensu
1141 1589 1252 1618 divinae
1275 1585 1454 1617 felicitatis.”

327 1661 334 1667 ·
380 1645 448 1674 Hoc
470 1644 654 1674 ratiocinium
679 1642 851 1672 confirmant
877 1650 928 1678 ea,
950 1648 1022 1677 quae
1047 1640 1152 1676 habet,
1182 1638 1366 1668 Leibnitzius
1386 1636 1415 1666 in
1438 1635 1601 1665 Theodicea
1622 1634 1708 1671 (6):
1740 1653 1759 1668 „
1778 1632 1850 1661 nihil

1786 1691 1851 1720 per.

375 1777 391 1812 (
406 1777 441 1811 ι)
461 1779 531 1806 Livr.
546 1779 581 1805 ΙΙ.
607 1779 681 1811 chap.
699 1786 740 1806 20.
768 1779 794 1811 ἓ.
806 1784 831 1811 5.

377 1825 444 1859 (2)
463 1826 555 1852 Codex
578 1826 643 1860 Juris
665 1825 787 1850 Gentium
815 1824 1022 1857 Diplomaticus,
1043 1823 1211 1850 Hannoverae
1236 1828 1260 1848 a.
1277 1821 1358 1853 1693,
1383 1819 1430 1845 sol.
1452 1817 1476 1842 in
1500 1814 1580 1849 praes.
1601 1821 1626 1846 p.
1640 1815 1664 1841 8.
1681 1812 1854 1847 (quamquam

344 1873 486 1905 paginarum
505 1879 622 1897 numerus
638 1879 688 1896 non
705 1878 804 1897 notatus
823 1869 889 1904 sit.)

378 1916 438 1951 (3)
459 1918 540 1944 Praes.
557 1918 585 1942 ad
604 1913 705 1943 '1⁴heod.
734 1917 760 1950 §.
776 1924 801 1950 5.
1004 1915 1043 1949 (4
1057 1915 1071 1949 )
1092 1916 1174 1943 Praes.
1191 1916 1220 1941 ad
1236 1913 1336 1941 Theod.
1361 1913 1388 1945 §-
1403 1919 1431 1944 4.

380 1962 446 1995 (5)
466 1964 580 1989 Leibnitz
597 1964 675 1996 Oper.
703 1963 736 1989 T.
755 1963 792 1988 11.
820 1963 850 1989 Ρ.
866 1963 888 1990 1.
912 1968 939 1994 p-
955 1970 1005 1995 224
1022 1969 1047 1988 et
1061 1970 1121 1995 225.

382 2008 569 2042 (6)Τ1κοά.
594 2012 619 2043 ξ.
637 2012 695 2044 278.
722 2017 747 2036 et
773 2009 842 2037 Cod.
868 2009 936 2043 luris
964 2009 1084 2037 Genuum
1107 2009 1224 2042 Diplom.
1247 2014 1274 2040 p.
1287 2014 1315 2040 9.
1348 2004 1430 2032 conf.
1456 2002 1571 2029 Leibuitz
1595 2001 1719 2033 Principia
1748 2001 1861 2033 pbiloso-

1790 2048 1862 2078 pluat
