1946 2517
737 150 1156 187 on'A'TIO.
1643 163 1683 196 *u

200 245 290 275 enim
306 241 359 274 illa
375 244 504 286 opinio,
525 254 607 286 quae
623 244 810 288 Chirurgiae
826 248 876 277 sui
891 249 1032 279 nominis
1051 248 1207 280 honorem
1224 248 1418 291 detraxerat,
1440 258 1471 284 et
1489 252 1529 285 ad
1551 254 1680 288 viliores

200 310 283 335 artes
298 300 491 338 detruserat,
521 307 589 332 tum
613 302 729 341 etiam,
747 313 859 334 verum
885 301 1039 334 fateamur
1068 306 1107 336 A.
1125 308 1164 337 A.
1198 307 1395 349 principatus
1414 319 1450 340 ac
1477 309 1677 350 dominium,

196 359 287 403 quod
321 357 381 389 sibi
410 364 634 399 arrogaverant
662 357 797 396 medici,
837 359 880 389 ita
906 359 1044 402 ubique,
1074 361 1159 403 apud
1188 373 1246 394 uos
1271 375 1425 407 quoque,
1460 366 1616 405 invaluit,
1644 375 1677 400 et

197 421 262 446 tam
292 413 369 444 altas
399 414 464 455 egit
499 412 638 451 radices,
679 420 714 445 ut
746 414 934 457 plerumque
961 415 1032 453 illi,
1065 418 1122 459 qui
1154 418 1193 449 ad
1225 419 1307 451 hanc
1336 427 1434 452 artem
1464 422 1671 462 accederent,

194 471 222 502 si
253 472 363 501 minus
396 480 436 500 ex
469 468 583 501 infima
619 470 732 513 plebe,
773 477 804 501 at
834 471 947 502 inculti
977 480 1081 504 essent
1110 473 1267 508 homines.
1322 477 1435 517 Quid?
1467 479 1556 519 quod
1585 482 1676 512 omni

194 535 364 559 tonsorum
396 525 553 568 farragine
589 526 667 558 adeo
689 534 900 570 conspurcata
926 534 957 558 et
981 528 1110 561 vilitatis
1135 537 1210 562 nota
1234 532 1292 563 diu
1316 534 1466 576 insignita
1494 533 1554 566 fuit
1580 535 1674 567 Chir-

191 585 310 627 urgia‚
350 589 387 614 ut
419 583 475 613 vix
511 581 653 614 melioris
687 589 782 614 notae
813 584 948 625 juvenes
984 596 1052 617 sese
1090 587 1120 618 ei
1159 588 1363 628 addicerent3
1398 597 1429 622 et
1461 597 1496 622 ut
1529 597 1675 634 parentes

189 641 274 673 filios
307 650 404 678 suos,
445 650 501 670 eos
528 639 738 682 plerumque,
771 642 828 683 qui
853 652 920 672 non
949 652 1096 684 magnam
1126 646 1176 675 sui
1203 655 1292 688 spem
1321 645 1481 685 facerent,
1517 647 1670 690 quemad—

185 697 322 729 modum
359 695 399 727 ad
434 695 495 726 alia
527 695 654 738 opificia
690 696 800 727 miuus
837 696 996 738 honesta,
1040 710 1123 741 quae
1155 712 1275 740 manu,
1308 703 1396 745 quod
1429 704 1540 742 aiunt,
1575 703 1672 746 perfi-

185 756 337 792 ciuntur;
373 753 417 784 ita
447 759 480 784 et
512 752 700 795 Chirurgiae
732 752 897 791 dicarent,
937 764 1012 784 cum
1041 756 1188 787 nondum
1218 768 1255 788 ex
1286 758 1419 801 ephebis
1448 759 1668 791 excessissent:

183 822 253 854 quo
283 809 402 841 factum
433 815 502 848 est,
541 816 577 840 ut
604 808 644 840 ad
674 808 877 851 Chirurgiam
907 819 974 840 sese
1024 811 1219 855 applicarent
1242 816 1352 856 pueri,
1383 815 1472 845 omni
1495 826 1667 857 generosae

183 868 383 900 educationis
417 866 508 898 cultu
540 866 703 904 destituti,
735 876 771 897 ea
800 872 917 905 aetate,
952 877 1016 909 qua
1044 867 1084 898 ad
1114 868 1228 911 judicii
1266 869 1486 902 infirmitatem
1517 872 1666 904 accedere

182 924 264 958 solet
290 923 471 967 ignorantia
503 933 615 954 earum
641 932 768 959 terum,
802 932 954 964 quarumr
967 924 1111 966 cognitio
1136 927 1307 968 primariae
1332 934 1380 959 est
1409 929 1612 961 necessitatis.

223 981 347 1012 Videtis
373 981 472 1022 igitur
497 982 533 1010 A.
557 980 596 1011 A.
619 990 637 1009 a
659 979 778 1022 quibus
799 978 943 1010 fontibus
976 979 1111 1022 petenda
1145 982 1186 1012 sit
1216 982 1270 1013 illa
1295 983 1484 1026 Chirurgiae
1513 995 1531 1015 a
1563 983 1664 1016 medi·

178 1039 250 1070 cina
283 1035 449 1068 divulsio:
491 1042 560 1067 tum
595 1036 710 1074 etiam,
750 1035 838 1066 unde
870 1035 923 1067 illa
952 1037 1164 1069 contumeliae
1197 1045 1274 1070 nota
1298 1040 1328 1071 ei
1355 1040 1541 1072 adhaeserit.
1597 1039 1660 1073 Sed

177 1093 376 1138 gratulamur
409 1092 504 1125 nobis
531 1091 650 1131 seculi,
687 1091 776 1135 quod
805 1092 968 1132 vivimus,
1000 1092 1192 1127 felicitatem.
1246 1096 1362 1127 Nostra
1394 1103 1497 1135 aetas,
1527 1107 1656 1129 summo

176 1150 304 1194 generis
339 1149 474 1181 humani
505 1148 616 1187 bono,
654 1148 843 1191 chirurgiae
878 1150 993 1192 ingens
1022 1150 1129 1182 attulit
1162 1152 1415 1186 incrementum:
1452 1161 1571 1186 veteres
1601 1154 1655 1186 illa

176 1218 228 1239 ars
256 1206 373 1238 limites
405 1217 504 1245 suOS,
541 1207 640 1238 nimis
668 1213 796 1245 arctos,
835 1213 1028 1250 transgressa
1061 1214 1129 1247 est,
1165 1215 1196 1239 et
1227 1220 1324 1252 quem
1352 1209 1476 1241 dudum
1506 1210 1654 1243 obtinere

174 1264 346 1302 debuerat,
376 1262 540 1305 dignitatis
570 1262 701 1303 locum,
741 1275 830 1296 nunc
859 1267 926 1309 jam
953 1267 1100 1299 obtinere
1128 1269 1253 1311 incipit.
1304 1271 1533 1302 Verumtamen
1559 1268 1653 1314 plura

174 1321 282 1354 adhuc
312 1327 431 1352 restant
464 1319 659 1363 perficienda
694 1327 727 1352 et
761 1323 958 1366 corrigenda.
1018 1324 1271 1356 Saluberrimum
1303 1326 1435 1369 quidem
1463 1326 1549 1357 malo
1580 1326 1649 1365 illi,

172 1377 213 1409 de
235 1388 302 1419 quo
325 1377 489 1413 diximus,
523 1375 701 1407 remedium
724 1378 835 1409 multis
862 1379 968 1411 modis
991 1380 1122 1411 allatum
1150 1387 1216 1411 est:
1246 1380 1385 1413 resident
1410 1388 1517 1413 tamen
1543 1381 1649 1414 adhuc

174 1433 281 1467 morbi
304 1434 395 1475 quasi
418 1430 590 1473 reliquiae,
626 1441 764 1473 quarum
790 1433 911 1464 medela
936 1437 1114 1466 etiamnum
1137 1434 1344 1468 desideratur.

216 1492 291 1523 Non
322 1489 375 1520 hic
407 1493 535 1529 tangam
565 1488 785 1530 quaestionem
813 1488 854 1521 de
881 1490 1117 1533 conjungendis
1145 1491 1260 1523 iterum
1284 1491 1438 1524 ambabus
1463 1493 1640 1526 medicinae

171 1548 342 1594 partibus.-
381 1555 494 1577 earum
528 1546 759 1588 separationem
797 1556 865 1578 esse
907 1547 1148 1590 quodammodo
1182 1550 1409 1587 necessariam,
1445 1559 1541 1592 supra
1572 1550 1640 1592 jam

170 1605 324 1638 diximus.
384 1601 571 1644 optandum
609 1601 739 1644 quidem
778 1602 884 1641 foret,
933 1610 994 1641 ut,
1042 1605 1105 1635 nisi
1143 1606 1177 1636 iu
1210 1607 1276 1647 ipsa
1308 1606 1383 1636 artis
1416 1607 1639 1638 exercitatione

169 1661 290 1704 singuli
319 1660 352 1691 in
386 1661 537 1690 universo
560 1669 675 1701 genere
696 1659 916 1699 elaborarent,
949 1660 1004 1692 sed
1033 1661 1114 1692 alius
1139 1661 1232 1692 aliam
1260 1669 1380 1705 partem
1406 1662 1466 1694 sibi
1494 1661 1637 1694 factitan-

170 1719 245 1751 dam
271 1722 459 1760 seponerem,
489 1714 598 1746 eadem
629 1722 733 1746 tamen
760 1726 871 1747 omnes
899 1716 1062 1748 doctrinae
1082 1718 1173 1759 copia
1199 1724 1304 1749 essent
1336 1719 1507 1756 instructi,
1540 1726 1634 1761 atque

173 1777 360 1808 universum
388 1773 537 1805 scientiae
565 1771 704 1803 medicae
731 1772 888 1804 ambitum
921 1773 1071 1804 haberent
1099 1780 1316 1816 perspectum:
1347 1785 1459 1806 verum
1483 1773 1559 1805 haec
1584 1776 1635 1817 pia

169 1839 246 1866 sunt
272 1837 368 1868 vota,
397 1840 479 1872 quae
508 1829 658 1871 speciosis
687 1832 861 1873 praeceptis
887 1829 1049 1874 adstruere
1075 1841 1226 1873 perquam
1249 1838 1296 1862 est
1317 1830 1422 1869 facile;
1455 1829 1510 1861 sed
1534 1830 1632 1873 quid,

169 1898 311 1933 quaeso,
347 1886 474 1929 prodest
506 1885 774 1917 absolutissimam
808 1894 840 1918 et
876 1887 1121 1930 pulcherrimam
1149 1889 1192 1918 mi
1217 1886 1351 1918 formam
1375 1894 1469 1930 atque
1493 1886 1633 1929 descrip—

171 1947 291 1978 tionem
322 1952 524 1986 proponere,
563 1941 619 1973 ubi
646 1952 682 1974 ea
711 1942 750 1974 ad
775 1943 923 1976 effectum
956 1943 1088 1988 perduci
1116 1954 1184 1976 non
1212 1944 1343 1987 potest?
1385 1946 1505 1987 Repeto
1531 1947 1568 1975 A.
1591 1946 1631 1974 A.

1002 2002 1025 2031 B
1048 2011 1067 2032 2
1553 1997 1633 2042 quid
