1946 2517
359 162 644 208 RESPONS¹Q4112
666 160 779 198 QUAE
785 156 972 190 S‘FiONEM
998 161 1198 192 THEOLOG
1205 163 1245 193 lC
1254 164 1328 193 AM.
1568 172 1602 201 23

83 247 242 276 ferantur?
280 244 415 274 Profecto
445 245 608 275 mercenarii
633 251 744 274 tantum
767 245 826 274 dici
853 251 1008 282 poterunt,
1041 247 1104 275 suis
1129 247 1213 276 unice
1240 246 1325 275 rebus
1351 247 1396 276 vel
1417 246 1515 276 saltem
1543 247 1599 283 pri-

87 305 163 327 mum
188 303 217 326 et
245 297 398 334 praecipue
423 296 537 326 intenti.
579 296 730 325 Nonnulla
756 296 873 332 insuper
899 298 971 326 sacri
998 298 1122 326 muneris
1146 298 1237 327 officia
1256 299 1427 334 requirunt,
1451 306 1482 326 ut
1514 299 1596 334 aliis,

83 356 165 385 opem
188 348 372 377 desideratam
398 348 546 377 inferendo
571 355 598 376 et
623 347 761 382 omnin0,
791 353 824 375 ut
848 355 983 384 oportet,
1016 349 1217 385 inserviendo,
1247 358 1291 378 res
1317 349 1448 385 propriae
1478 356 1600 385 postpo-

81 406 197 430 uantur.
239 400 324 429 Plena
351 400 548 436 exemplorum
573 405 617 428 est
642 399 790 427 Ecclesiae
815 406 843 427 et
870 399 994 428 muneris
1022 400 1096 428 sacri
1126 400 1246 429 historia
1274 400 1367 428 omnis
1404 401 1476 429 aevi.
1519 400 1601 438 Quid

85 459 144 481 non
170 452 310 481 malorum
335 451 498 488 Religionis
522 458 607 479 causa
640 449 720 486 digni
744 450 806 487 ejus
837 450 979 479 antistites
1016 459 1099 487 saepe
1130 451 1307 480 subierunt?
1350 453 1418 487 Ipsa
1447 452 1534 488 hujus
1561 451 1599 479 rei

79 502 163 531 testis
193 509 238 531 est
262 503 323 532 vita
356 502 462 538 optimi
495 502 565 539 Jesu
598 506 687 537 atque
714 502 946 538 Apostolorum3
974 510 1097 538 quorum
1131 502 1188 531 nisi
1217 502 1351 538 princeps
1377 510 1404 530 et
1427 510 1598 539 perpetuum

81 553 136 582 hoc
161 553 268 583 fuisset
297 556 445 590 studium,
474 559 506 581 ut
530 552 643 581 lubenti
671 553 766 581 animo
792 553 877 588 aliis,
907 553 1014 588 quibus
1035 560 1180 589 possent,
1209 554 1316 588 quovis
1349 554 1459 582 meliori
1488 554 1597 589 modo,

83 604 117 633 ad
145 605 314 634 notitiarum
331 605 465 641 vitaeque
485 604 712 633 emendationem
734 610 762 633 et
788 604 952 633 beatitatem
979 613 1070 633 veram
1095 613 1126 633 ac
1145 612 1292 640 perennem
1317 605 1506 640 inservirent,
1528 613 1599 634 num

82 656 159 685 credi
184 657 300 693 possit,
320 665 371 686 eos
387 656 612 692 plerorumque,
633 657 706 684 inter
726 664 802 691 quos
826 656 1032 691 versabantur,
1054 662 1251 691 contemtum,
1275 655 1392 684 insidias
1406 677 1416 692 ,
1439 656 1597 684 calumnias

78 713 106 736 et
133 708 350 743 persecutiones
373 713 430 736 tam
452 707 593 743 patienter
619 706 713 742 ferre,
741 714 768 736 et
799 706 886 736 vitam
911 707 990 736 omni
1016 713 1096 744 parte
1122 715 1319 735 aerumnosam
1355 713 1410 735 tam
1444 707 1596 742 tranquille

76 758 230 795 transigere
252 759 407 795 potuisse,
439 764 472 787 ut
499 766 559 787 non
585 766 647 787 raro
672 767 705 787 ex
728 758 802 795 ipsis
827 759 942 795 injuriis
968 765 995 786 et
1026 759 1237 787 calamitatibus
1266 758 1353 786 illatis
1382 764 1506 786 exortam
1539 759 1593 786 lae·

75 809 155 838 tandi
184 815 212 837 et
237 809 377 846 gloriandi
402 810 582 839 occasionem
611 809 722 845 placide
749 810 927 846 arriperent?
968 811 1011 839 Ea
1037 809 1111 838 enim
1137 816 1253 838 naturae
1280 809 1418 838 humanae
1442 815 1486 838 est
1511 809 1594 837 indo-

78 860 139 896 les,
160 867 194 889 ut
207 868 291 889 nemo
311 869 369 890 non
388 869 434 897 ea,
459 869 648 897 quaecunque
671 860 812 896 imprimis
827 861 885 897 ipsi
903 869 987 890 curae
1007 860 1147 896 cordique
1171 861 1252 896 sint,
1283 862 1462 890 vehementer
1481 866 1596 896 appetat

77 917 106 940 et
124 911 254 941 studiose
267 918 415 948 sectetur,
439 912 591 948 eademque
608 911 776 948 impetrandi
792 918 819 940 et
835 913 1023 942 conservandi
1041 920 1125 941 causa
1136 911 1209 941 nillil
1227 913 1396 941 intentatum
1419 911 1560 947 relinquat
1581 932 1592 946 ‚

76 968 104 992 et
127 962 216 991 nullis
242 962 329 992 facile
348 963 585 992 terriculamentis
613 964 647 992 ab
677 963 715 992 iis
744 971 775 992 se
807 964 920 992 avocari
946 964 1082 999 patiatur.
1122 963 1289 992 Praesertim
1319 972 1387 993 vero
1412 962 1543 991 sincerus
1566 968 1594 990 ct

74 1014 174 1043 ardens
202 1013 348 1051 religionis
365 1022 447 1043 amor
470 1015 593 1051 eJ‘usque
620 1015 754 1043 tutandae
780 1021 808 1043 et
839 1015 925 1051 longe
948 1015 1062 1051 lateque
1089 1015 1288 1052 propagandae
1316 1015 1445 1044 studium
1474 1022 1507 1043 eo
1532 1013 1594 1042 ani-

77 1072 142 1093 mos
168 1065 248 1094 ducit
273 1071 301 1093 et
323 1065 431 1100 trahit,
463 1072 495 1093 ut
519 1066 584 1102 eius
610 1074 695 1094 causa
721 1066 924 1102 voluptatibus
948 1072 976 1094 et
1000 1065 1149 1094 desideriis
1174 1065 1331 1101 quibusvis
1358 1065 1492 1094 lubenter
1516 1065 1590 1093 valc-

73 1115 192 1151 dicant,
222 1116 316 1151 iisque
343 1117 446 1144 durum
474 1122 503 1146 et
532 1116 616 1145 triste
633 1117 748 1146 vivendi
766 1125 877 1154 genus,
905 1116 1076 1146 necessitate
1103 1116 1246 1153 iubente,
1272 1116 1346 1144 haud
1371 1115 1454 1143 inviti
1479 1114 1589 1151 praefe-

70 1172 153 1201 rant,
174 1167 252 1194 nulla
277 1167 405 1202 optimae
433 1168 471 1196 rei
500 1176 586 1197 causa
610 1169 757 1197 metuenda
785 1169 911 1205 pericula
936 1167 1153 1204 subterfugiant
1175 1172 1202 1195 et
1230 1167 1351 1195 immoto
1376 1166 1473 1195 animo
1495 1166 1590 1194 duris-

73 1216 144 1246 sima
167 1216 284 1252 quaevis
306 1218 458 1253 perferant.
506 1218 573 1247 Dici
599 1227 658 1248 non
689 1226 815 1255 potest,
845 1225 1022 1256 quantopere
1053 1218 1100 1246 hic
1130 1226 1237 1247 sensus
1267 1218 1417 1247 Ecclesiae
1449 1216 1589 1246 ministris

70 1267 228 1304 inserviat,
251 1274 283 1297 ut
305 1267 402 1297 facilis
429 1269 464 1298 iis
489 1270 524 1298 ad
545 1270 693 1299 hominum
720 1270 830 1299 animo's
855 1276 948 1306 pateat
975 1270 1082 1298 aditus.
1124 1269 1186 1298 Eos
1207 1269 1282 1297 enim
1313 1269 1356 1297 illi
1380 1270 1512 1298 lubenter
1536 1277 1587 1296 au-

70 1318 130 1348 dire
147 1320 271 1356 solent,
308 1327 383 1355 quos
413 1320 469 1348 sibi
497 1320 567 1350 bene
590 1322 664 1351 velle
690 1327 769 1350 certo
807 1327 942 1350 statuunt
960 1340 972 1356 ,
1000 1321 1143 1357 longeque
1173 1321 1263 1357 magis
1297 1321 1404 1357 promti
1438 1326 1466 1349 et
1494 1319 1600 1357 param

70 1377 140 1400 sunt
166 1371 200 1400 ad
233 1370 393 1407 praeceptis
424 1371 541 1401 illorum
574 1379 600 1401 et
627 1373 746 1401 monitis
777 1372 1054 1408 obtemperandum,
1084 1380 1169 1408 quam
1204 1379 1322 1407 eorum,
1354 1371 1404 1407 qui
1439 1371 1467 1399 id
1499 1371 1584 1399 unice

69 1428 173 1458 agant,
205 1428 238 1450 ut
262 1421 325 1450 aliis
352 1423 484 1458 placeant
506 1430 534 1451 et
557 1423 690 1452 universa
715 1423 801 1452 officii
836 1423 1040 1453 observatione
1071 1423 1101 1451 id
1126 1423 1268 1460 imprimis
1300 1429 1452 1459 spectent,
1484 1428 1515 1449 ut
1540 1421 1586 1449 lu·

68 1480 148 1502 crum
179 1472 244 1502 inde
265 1474 425 1510 percipiant
447 1480 475 1503 et
503 1474 580 1503 haud
604 1475 746 1511 vulgarem
778 1475 807 1503 in
835 1475 953 1503 modurn
981 1475 1132 1502 laudentur
1155 1482 1242 1509 atque
1266 1474 1453 1502 honorentur.

106 1524 164 1554 Est
189 1524 290 1560 utique
316 1524 550 1562 uniuscujusque
576 1525 701 1554 ministri
721 1525 790 1561 Jesu
811 1525 869 1553 veri
896 1525 1043 1560 nominis,
1072 1526 1107 1553 ad
1128 1525 1288 1560 exemplum
1316 1524 1422 1552 summi
1446 1522 1574 1552 doctoris

62 1575 130 1614 Jesu
152 1583 183 1604 se
202 1574 325 1604 omnino
348 1584 530 1612 componere.
571 1576 599 1605 Is
626 1576 739 1612 quidem
754 1597 764 1612 ,
786 1584 870 1612 quam
891 1577 977 1612 longe
1001 1581 1128 1604 remotus
1155 1575 1242 1603 fuerit
1266 1584 1281 1603 a
1304 1575 1377 1603 lucri
1401 1581 1429 1603 et
1449 1583 1578 1604 commo-

67 1627 97 1655 di
118 1626 229 1663 proprii
253 1625 434 1662 eupiditate,
464 1628 547 1656 docet
572 1628 704 1656 universa
731 1628 793 1664 ejus
817 1627 948 1657 historia.
995 1627 1146 1664 Quicquid
1184 1626 1310 1654 muneris
1335 1633 1423 1655 causa
1442 1627 1581 1655 'subeun-

67 1678 134 1707 dum
157 1683 215 1706 erat
241 1677 393 1713 laborum,
416 1678 612 1708 molestiarum
631 1685 717 1715 atque
736 1687 954 1713 aerumnarum,
975 1678 1009 1706 ad
1031 1686 1173 1706 externam
1201 1678 1276 1706 vitae
1298 1677 1491 1705 conditionem
1524 1683 1581 1705 tarn

67 1736 166 1765 parum
193 1728 219 1756 ei
246 1727 378 1763 profuit,
401 1734 432 1756 ut
457 1728 507 1757 vix
536 1730 671 1764 haberet,
702 1730 776 1758 unde
798 1730 926 1764 viveret,
958 1729 1029 1764 quin
1049 1729 1108 1757 imo
1133 1736 1209 1764 opus
1236 1734 1333 1762 esset,
1363 1735 1394 1755 ut
1421 1729 1455 1756 ab
1481 1727 1582 1756 amicis

67 1785 286 1809 sustentaretur.
327 1780 427 1815 vulgo
458 1779 515 1808 huc
548 1779 675 1808 referunt
705 1780 768 1817 ejus
801 1780 897 1810 dicta:
928 1781 1064 1816 „vulpes
1097 1780 1202 1809 habent
1231 1779 1341 1814 lustra,
1372 1787 1437 1806 aves
1473 1778 1581 1812 nidos,

64 1830 113 1860 sed
133 1829 226 1858 Filius
249 1829 374 1858 hominis
398 1837 457 1859 non
477 1830 583 1866 habet,
606 1839 665 1866 quo
688 1837 776 1867 caput
802 1831 948 1860 reclinet'’
978 1832 1083 1869 (11);
1110 1839 1195 1868 quem
1216 1837 1308 1860 tamen
1332 1831 1428 1860 locum
1448 1829 1582 1858 nonnulli

1515 1888 1583 1917 pau-

97 1966 181 2003 (11)
201 1969 277 1996 Mart.
295 1969 377 1996 VIII:
396 1978 428 1996 20
448 1971 510 1998 coll.
539 1970 605 1998 Luc.
625 1971 678 1998 lX:
697 1972 738 2004 53.
