1946 2517
371 164 594 196 RESPONSIO
615 174 657 195 An
679 164 981 202 QUAESTIONEM
1002 165 1322 198 THEOLOGICAM.
1566 181 1600 212 37

103 260 148 282 rae
165 255 350 284 aeternaeque
369 248 516 278 felicitatis
531 248 687 285 participes
706 249 866 279 reddantur.
908 249 1031 286 Oportet
1052 250 1140 287 igitur
1157 258 1302 279 sacrorum
1327 251 1471 281 antistites
1496 261 1605 289 germa-

95 311 147 332 nae
174 299 335 337 Religionis
361 299 543 329 Christianae
575 299 721 328 scientiam
740 319 750 334 ,
781 307 865 336 quam
900 300 972 329 alios
1001 301 1127 330 imbuere
1154 303 1297 338 cupiant,
1325 302 1395 331 bene
1424 304 1545 341 callere,
1575 313 1603 335 et

93 354 134 383 ita
161 352 273 389 quidem
291 372 302 386 ,
340 357 372 379 ut
403 351 438 378 iis
464 350 582 379 firmiter
602 350 636 378 de
663 350 743 378 illius
765 351 879 379 veritate
904 358 930 380 et
954 352 1051 381 divina
1083 353 1251 382 auctoritate
1283 353 1322 382 sit
1355 362 1536 390 persuasum.

137 404 279 433 Universa
303 401 421 438 insuper
449 410 545 429 eorum
581 401 655 429 vitae
680 401 752 430 ratio
786 401 905 431 Ethices
937 402 1119 432 Christianae
1151 404 1309 441 praeceptis
1336 405 1510 434 conveniens
1539 415 1601 435 esse

91 456 192 490 debet,
222 460 255 483 ut
285 459 437 489 appareat,
466 461 515 480 eos
541 452 612 480 hanc
640 460 723 481 unam
749 452 804 480 sibi
835 454 1012 490 propositam
1035 455 1137 483 habere
1160 456 1332 492 agendorum
1357 465 1484 486 norrnam
1509 465 1535 486 et
1559 467 1600 486 re-

90 508 208 545 gulam,
229 512 256 533 et
282 504 311 533 id
337 504 467 533 studiose
491 511 592 540 agere,
614 511 646 532 ut
674 512 734 533 non
754 504 848 532 solum
876 505 981 534 nemini
1007 507 1121 535 molesti
1148 506 1227 542 sint,
1257 509 1307 536 sed
1331 510 1466 538 omnibus
1487 509 1598 538 viribus

91 565 119 587 et
143 557 244 587 officiis
271 555 333 584 allis
362 555 539 590 inserviant,
559 561 587 583 et
614 555 733 584 omnino
759 555 887 584 modeste
914 562 941 584 et
962 556 1101 585 benevole
1121 566 1185 594 erga
1210 567 1309 587 omnes
1332 568 1361 588 se
1386 567 1497 596 gerant.

129 607 265 638 Conferri
288 612 414 642 possunt
439 605 470 634 in
495 606 567 634 hanc
596 615 651 635 rem
680 615 711 635 ea
735 606 816 641 loca,
837 606 866 635 in
889 607 996 642 quibus
1022 608 1182 644 unicuique
1205 609 1313 639 homini
1340 610 1508 640 Christiano
1523 619 1603 647 prae-

44 654 47 655 ⁷
91 663 216 699 cipitur,
246 665 278 686 ut
304 657 379 685 vitae
404 657 474 685 bene
497 663 656 687 transactae
687 658 847 694 exemplum
874 658 939 687 aliis
966 660 1000 688 ad
1026 659 1217 689 imitationem
1239 668 1423 698 proponant,
1453 667 1485 690 ut
1509 662 1599 692 Matr.

89 715 133 743 V:
161 713 205 742 16.
233 709 310 739 Phil.
332 706 390 737 Ili:
416 708 450 738 16
474 716 558 744 seqq.
588 708 676 738 Rom.
700 709 789 738 XIV:
816 710 981 746 13-XV:
1006 719 1035 747 7.
1071 710 1167 740 1Cor.
1190 711 1276 740 VIII:
1298 722 1419 750 9—13.
1453 714 1498 744 X:
1520 723 1604 752 23—

92 767 152 796 XIz
176 772 212 799 1,
241 759 382 796 imprimis
409 767 476 787 vero
502 767 551 794 ea,
583 759 612 788 in
635 761 743 795 quibus
768 761 822 789 hoc
853 761 978 790 officium
1011 762 1150 791 ministris
1177 763 1266 791 sacris
1294 764 1396 792 <fisci-te
1422 766 1601 802 injungitur,

87 818 132 845 vel
150 812 267 843 monitis
290 810 502 838 universalibus
518 811 703 846 continetur,
734 812 855 843 ut.Tit.
879 816 909 841 1:
930 821 1036 850 5—9.
1066 815 1112 842 II:
1137 823 1173 850 7,
1197 815 1223 844 8.
1258 823 1269 843 1
1293 815 1369 844 Tim.
1393 816 1450 846 IV:
1479 825 1529 852 12,
1560 818 1602 848 16.

89 876 105 896 2
121 866 198 894 Tim.
221 864 266 892 11:
290 870 345 898 15,
366 869 413 890 22.
443 869 459 889 2
476 861 584 889 Thess.
605 861 664 890 lllz
689 871 726 899 7,
746 872 775 898 9.
824 863 919 892 Etiam
951 872 987 892 ex
1020 864 1093 893 locis
1132 866 1218 893 modo
1246 866 1338 894 allatis
1370 867 1424 895 huc
1459 869 1603 904 pertinent

86 917 162 948 Phil.
184 913 241 944 Ill:
270 913 301 942 16
322 920 407 947 seqq.
438 911 513 940 Rom
547 911 636 942 XIV:
665 922 696 948 13
721 907 806 949 seqq.
840 922 850 942 1
866 914 935 944 Cor.
962 914 1053 943 VIII:
1075 924 1092 951 9
1114 925 1197 951 seqq.
1230 918 1273 946 X:
1296 926 1329 953 23
1353 927 1421 954 sqq.

126 966 279 997 Accedunt
303 962 347 991 liis
374 962 513 991 mandatis
536 970 623 998 atque
645 965 892 993 admonitionibus
917 967 992 994 varia
1022 967 1164 996 rationum
1191 976 1355 1004 momenta,
1377 970 1486 1005 quibus
1513 971 1601 1008 hujus

88 1020 128 1050 tei
155 1014 311 1048 necessitas
334 1013 417 1050 plane
436 1020 464 1042 et
487 1014 612 1043 dilucide
636 1015 823 1044 demonstrari
851 1023 961 1052 potest.
1001 1017 1048 1045 Ne
1069 1020 1142 1046 enim
1168 1027 1424 1048 commemoremus
1447 1023 1599 1058 antiquum

86 1071 159 1101 illud
181 1075 207 1097 et
233 1068 331 1096 tritum
370 1085 388 1100 „
408 1071 491 1101 turpe
518 1074 581 1094 esse
608 1067 744 1101 doctori,
777 1068 802 1095 si
828 1069 914 1103 culpa
941 1069 1086 1104 redarguit
1112 1069 1265 1106 ipsum,”
1288 1072 1334 1099 hic
1361 1076 1478 1101 omnino
1507 1081 1598 1102 atten-

85 1122 208 1152 dendum
232 1124 296 1152 est,
319 1122 378 1144 tum
402 1117 436 1145 ad
459 1117 584 1145 muneris
610 1117 684 1145 sacri
706 1118 872 1153 dignitatern
901 1125 928 1146 et
960 1119 1145 1155 gravitwem,
1169 1127 1229 1149 tum
1253 1122 1287 1150 ad
1314 1123 1502 1159 detrimenta,
1526 1134 1599 1160 quae

86 1173 128 1203 rei
151 1170 334 1201 Christianae
361 1167 540 1203 afferuntur,
563 1167 587 1196 si
613 1168 726 1203 quidem
757 1168 897 1203 illorum,
919 1169 968 1204 qui
1002 1170 1054 1198 hoc
1082 1179 1195 1199 munere
1220 1171 1402 1208 funguntur,
1426 1175 1521 1204 minus
1547 1177 1598 1205 ho·
1624 1180 1626 1183 '

85 1230 165 1254 nesta
187 1228 216 1250 et
239 1219 329 1257 proba
356 1225 382 1247 et
409 1218 528 1247 omnino
551 1219 692 1255 ejusmodi
720 1219 759 1247 sit
789 1219 861 1248 vitae
886 1221 982 1256 rati0,
1011 1229 1042 1249 ut
1068 1223 1130 1250 aliis
1156 1223 1288 1259 exemplo
1319 1232 1381 1251 esse
1401 1227 1517 1261 possit,
1540 1236 1600 1263 quo

84 1276 119 1305 ad
144 1272 332 1303 imitationem
356 1276 484 1298 utantur.
1388 1308 1390 1310 v

120 1327 182 1364 Jam
209 1324 233 1352 si
263 1330 359 1350 verum
383 1328 445 1356 est,
467 1321 495 1350 iu
521 1321 599 1350 omni
627 1322 696 1350 bene
716 1322 876 1351 constituta
895 1323 1042 1359 republica
1068 1325 1097 1354 in
1122 1325 1189 1354 illos
1215 1325 1355 1362 Imprimis
1377 1326 1455 1355 cives
1484 1336 1599 1359 munera

87 1377 204 1415 publica
229 1372 331 1402 deferri
360 1379 510 1408 oportere,
537 1381 659 1408 quorum
689 1373 806 1409 probata
829 1373 868 1402 sir
887 1374 1058 1411 integritas,
1081 1377 1211 1412 probitas
1239 1384 1267 1405 et
1293 1377 1382 1412 fides,
1405 1386 1516 1413 quanto
1539 1389 1596 1409 ma-

88 1429 133 1465 gis
157 1433 234 1462 opus
258 1430 320 1458 est,
343 1430 375 1451 ut
394 1423 590 1463 verbildivini
616 1425 692 1460 apud
716 1424 857 1460 populum
889 1425 1057 1462 interpretes
1087 1434 1113 1456 et
1143 1434 1272 1463 pastores
1298 1428 1458 1457 animorum
1486 1431 1543 1459 vita
1571 1437 1599 1460 et

86 1477 218 1508 moribus
241 1475 275 1503 ab
302 1474 379 1502 omni
413 1481 492 1508 parte
515 1475 756 1503 commendabiles
785 1475 860 1509 sint,
891 1476 1020 1512 quippe,
1053 1478 1103 1512 qui
1128 1479 1157 1506 id
1180 1478 1300 1506 habeant
1323 1480 1420 1514 operis
1446 1489 1472 1509 et
1500 1490 1603 1510 mune·

85 1531 147 1566 ris,
165 1530 251 1566 cujus
274 1528 337 1563 ipse
359 1533 512 1561 supremus
537 1526 686 1554 Ecclesiae
711 1526 772 1554 Rex
794 1532 896 1554 auctor
912 1527 1071 1563 exstiterit,
1103 1529 1249 1564 cujusque
1277 1530 1431 1559 consilium
1456 1540 1488 1560 eo
1514 1541 1599 1569 spec-

87 1590 147 1617 tet,
168 1586 199 1609 ut
227 1578 359 1607 homines
387 1577 515 1606 omniurn
535 1577 666 1605 ordinum
690 1578 723 1605 ad
742 1578 876 1605 virtutem
902 1577 1096 1607 Christianam
1123 1586 1151 1608 et
1174 1580 1291 1615 quaevis
1316 1581 1406 1611 officia
1435 1583 1596 1613 humanita-

83 1635 122 1662 tis
141 1630 280 1667 explenda
305 1629 494 1657 adducantur.
534 1629 611 1665 Quid
635 1637 689 1663 eo,
718 1629 803 1666 cujus
826 1637 911 1658 causa
937 1630 1051 1665 agitur,
1082 1631 1228 1667 indtgnius
1256 1638 1283 1660 et
1315 1633 1405 1669 magis
1431 1634 1598 1664 indecorum

85 1683 194 1714 censeri
223 1680 339 1718 possit,
379 1688 464 1715 quam
498 1680 526 1708 ln
557 1679 705 1716 fungendo
726 1681 815 1709 hocce
844 1689 959 1710 munere
989 1682 1122 1710 simulate
1147 1691 1228 1718 agere
1259 1691 1377 1718 eamque
1408 1686 1494 1714 animi
1526 1686 1598 1715 inte-

84 1736 236 1773 gritatem,
271 1739 354 1766 quam
387 1731 450 1760 aliis
480 1732 678 1759 commendare
712 1733 834 1768 debent,
873 1740 900 1761 et
925 1734 1065 1768 quicquid
1091 1734 1219 1767 bonum,
1247 1741 1354 1762 rectum
1382 1735 1598 1773 honestumque

84 1795 148 1821 est,
169 1783 247 1820 parvi
273 1782 386 1811 facere?
431 1782 513 1810 Unde
537 1784 648 1811 evenire
675 1784 769 1817 solet,
793 1790 824 1811 ut
850 1783 980 1819 ipsorum
1009 1786 1117 1812 monita
1138 1793 1151 1812 a
1179 1785 1326 1821 plerisque
1352 1793 1598 1824 contemnantur,

83 1845 110 1866 et
133 1835 208 1864 haud
237 1833 318 1869 pauci
348 1834 381 1860 ad
408 1841 503 1861 eorum
532 1835 690 1869 exemplum
720 1843 751 1863 se
780 1835 869 1871 magis
896 1843 1093 1870 componant,
1117 1844 1200 1871 quam
1228 1837 1262 1864 ad
1289 1838 1466 1872 doctrinam,
1489 1839 1598 1874 quippe

69 1889 131 1916 ‘cui
156 1886 212 1921 ipsi
236 1885 377 1912 continuo
402 1884 610 1920 obloquantur.
652 1886 692 1914 Et
719 1886 747 1914 hi
776 1885 913 1921 quidun,
941 1887 969 1914 in
998 1888 1081 1914 rebus
1112 1888 1249 1923 agendis,
1280 1896 1362 1922 quam
1396 1889 1480 1923 longe
1502 1890 1599 1918 absint

83 1939 118 1967 ab
145 1945 174 1965 ea
208 1927 293 1964 animi
330 1935 526 1964 benevolentia
559 1942 586 1965 et
617 1937 799 1970 sinceritate,
831 1945 916 1972 atque
948 1945 981 1965 eo
1005 1938 1068 1966 aliis
1104 1938 1233 1967 lubenter
1269 1938 1439 1968 inserviendi
1475 1942 1595 1977 mutilo,

85 1988 162 2025 quod
187 1987 288 2015 Petrus
318 1992 375 2014 tam
406 1988 529 2021 graviter
556 1988 584 2016 in
610 1988 665 2016 hoc
691 1988 757 2024 ipso
780 1995 918 2017 contextu
945 1988 1090 2024 inculcat,
1111 1997 1196 2017 nemo
1225 1997 1283 2018 non
1312 1990 1444 2026 percipit,

891 2040 912 2069 E
936 2048 952 2076 3
1519 2042 1602 2072 Dixi-
