1946 2517
394 168 430 197 ⁸4
710 161 816 190 Ἠ.
892 160 926 188 Ρ.
1004 167 1076 188 uz
1155 158 1517 189 KANTER

431 240 564 279 Denique
592 240 731 277 imprimis
755 240 940 271 animadverti
967 240 1050 269 debet
1071 240 1180 278 adjecta
1201 242 1379 279 admonitio,
1408 243 1442 272 de
1465 243 1585 280 imperio
1618 242 1648 273 in
1674 249 1773 273 coetus
1795 245 1898 275 Chris·

400 292 541 321 tianorum
565 292 681 321 minime
705 293 879 329 arrogando,
901 300 975 328 quae
1002 292 1139 328 quidem,
1159 300 1225 321 cum
1253 294 1408 323 sententiae
1430 295 1564 330 illorum,
1586 295 1637 329 qui
1658 296 1692 324 ad
1718 304 1808 325 unum
1836 306 1901 327 om-

393 343 474 372 nium
501 344 649 373 Ecclesiae
679 343 876 372 ministrorum
907 343 1099 379 principatum
1135 343 1289 380 deferunt,
1321 351 1377 373 tam
1407 354 1506 381 parum
1535 345 1649 381 faveat,
1678 352 1709 375 ut
1733 348 1833 384 potius
1857 347 1901 377 di-

395 401 468 423 serte
491 395 517 422 ei
538 402 694 431 repugnare
716 394 834 422 dicenda
858 394 919 430 sit,
942 395 1017 423 haud
1040 394 1193 430 miramur,
1214 395 1273 423 vim
1300 397 1523 432 praepositionis
1544 398 1618 427 κατὰ
1642 397 1670 426 in
1697 399 1783 428 verbo
1809 410 1897 429 καταε-

390 446 548 480 κυριεύσντες
577 446 616 472 ita
641 445 676 472 ab
700 444 737 472 iis
761 444 871 480 premi,
898 451 931 473 ut
958 445 1062 474 durum
1089 446 1176 474 modo
1216 445 1367 482 imperium
1399 455 1426 476 et
1455 448 1631 485 tyrannidem
1657 448 1780 485 intelligi
1801 449 1899 478 existi-

392 502 488 529 ment,
512 495 612 530 quod,
635 502 717 530 quam
738 503 836 530 parum
860 496 1040 530 probandum
1061 496 1118 532 sit,
1147 503 1180 526 ex
1206 505 1291 532 supra
1310 497 1399 526 dictis
1426 498 1495 527 satis
1515 507 1648 535 apparere
1664 505 1799 535 putamus
1820 500 1901 537 (3).·

428 547 555 574 Fuerunt
582 551 697 581 autem,
718 545 769 580 qui
795 546 953 576 doctrinam
983 547 1016 576 de
1037 547 1107 584 Jesu
1132 546 1253 576 Christo
1280 555 1394 576 summo
1413 548 1569 584 eodemque
1596 557 1653 577 uno
1678 550 1827 578 Ecclesiae
1841 557 1898 586 gli-j

394 595 545 625 bernatore
565 595 605 624 ita
632 584 815 631 adhiberent,
839 603 872 625 ut
901 597 1113 634 magistratibus
1138 598 1274 627 civilibus
1304 606 1415 627 omnem
1447 607 1564 635 prorsus
1596 600 1794 629 auctoritatem
1823 600 1901 629 circa

391 654 436 674 res
461 646 496 674 ad
521 645 680 675 Ecclesiam
708 647 882 682 pertinentes
911 649 1099 685 denegandam
1126 657 1189 678 esse
1223 654 1400 686 statuerent,
1426 656 1527 679 contra
1554 658 1629 686 quos
1655 652 1710 680 late
1737 652 1900 688 disputavit

393 696 517 726 Grotius
544 697 573 725 in
592 695 694 725 eximia
721 696 950 733 Dissertatione,
977 698 1025 727 De
1046 700 1166 736 imperio
1189 708 1365 728 summarum
1390 706 1564 738 potestatum
1585 704 1668 731 circa
1690 711 1798 738 sacra,
1819 709 1896 739 quae

390 755 419 778 et
443 756 573 777 seorsum
599 748 673 776 edita
700 753 743 776 est
769 753 798 776 et
821 756 922 777 recusa
945 749 975 778 in
1005 748 1145 787 Operibus
1167 750 1228 787 eJus
1254 750 1438 788 Theologicis.

408 800 572 835 2Equidem
597 808 650 836 pro
678 799 806 828 instituti
833 800 942 829 ratione
966 807 1074 830 tantum
1098 801 1244 832 observari
1265 802 1370 838 velim,
1398 802 1510 832 nullum
1532 802 1621 839 hujus
1650 803 1807 832 sententiae
1831 804 1898 836 loco

388 856 490 880 nostro
516 850 610 879 inesse
639 851 827 886 praesidium.

410 902 494 931 :Etsi
519 903 592 930 enim
623 902 652 930 in
673 910 707 931 eo
727 902 795 939 Jesu
822 903 942 932 Christo
969 904 1043 934 inter
1068 913 1167 934 omnes
1193 904 1340 935 Ecclesiae
1363 903 1511 933 ministros
1539 910 1566 932 et
1595 903 1798 940 gubernatores
1815 903 1899 941 prins

389 952 504 988 cipatus
535 959 562 980 et
587 960 697 980 summa
725 953 756 981 in
779 961 828 981 eos
858 962 956 982 omncs
982 961 1110 991 potestas
1138 956 1332 991 adscribatur,
1361 961 1389 984 et
1413 964 1446 983 ex
1473 955 1535 983 aliis
1563 955 1679 992 insuper
1712 956 1785 984 locis
1812 964 1901 992 supra

394 1009 462 1033 cum
493 1003 607 1031 Petrino
633 1009 736 1031 nostro
758 1003 872 1032 collatis
896 1011 1049 1040 appareat,
1071 1006 1263 1042 principatum
1286 1007 1388 1042 illum,
1409 1014 1467 1035 non
1494 1006 1529 1035 ad
1550 1006 1696 1035 ministros
1718 1007 1812 1035 solurn
1835 1008 1900 1036 Ec-

391 1053 590 1088 clesiasticos,
618 1053 667 1080 sed
695 1053 730 1081 ad
760 1053 918 1083 universam
948 1064 1066 1090 quoque
1097 1057 1255 1085 Ecclesiam
1286 1058 1358 1085 hanc
1391 1057 1504 1085 Christi
1540 1057 1704 1092 dignitatem
1733 1057 1894 1091 pertinere,

390 1110 424 1132 ut
446 1104 528 1132 solus
557 1105 582 1132 ei
606 1104 730 1139 praesit,
759 1112 936 1140 nequaquam
967 1113 1059 1134 tamen
1086 1106 1151 1135 inde
1175 1108 1384 1142 consequitur,
1412 1114 1496 1135 omne
1527 1107 1646 1135 omnino
1677 1104 1915 1141 magistratibus

388 1154 526 1183 civilibus
556 1154 707 1188 imperium
740 1155 817 1184 circa
848 1163 892 1183 res
926 1155 1152 1186 Ecclesiasticas
1187 1158 1379 1195 denegandum
1410 1165 1490 1193 esse;
1520 1165 1572 1186 nec
1609 1163 1703 1185 tamen
1730 1164 1794 1184 cum
1821 1155 1900 1184 Gro-

390 1205 430 1233 tio
457 1204 524 1241 (4)
548 1204 731 1241 iudicandum
762 1205 952 1242 arbitramur,
970 1208 1039 1244 Jesu
1065 1209 1178 1237 Christi
1209 1209 1238 1238 in
1268 1209 1426 1237 Ecclesiam
1457 1208 1607 1243 imperium
1629 1205 1802 1235 arctioribus
1825 1204 1902 1233 limi-

387 1255 466 1284 tibus
495 1254 788 1283 circumscribendum
814 1265 895 1292 esse,
926 1266 1018 1293 neque
1047 1260 1095 1288 hic
1125 1258 1303 1288 admittimus
1328 1259 1544 1287 distinctionem
1570 1258 1680 1287 vicarii
1701 1264 1729 1284 et
1750 1256 1902 1284 ministro-

390 1314 468 1334 rum.
509 1304 585 1342 Quis
609 1313 718 1341 quaeso
744 1306 816 1335 hanc
837 1307 1051 1338 distinctionem
1080 1309 1152 1339 ferat
1174 1317 1307 1346 respectu
1333 1310 1445 1347 imperii
1471 1308 1593 1338 civius?
1632 1307 1687 1336 Est
1709 1307 1783 1335 enim
1805 1307 1894 1342 Jesus

387 1356 548 1392 Christus,
572 1362 604 1384 ut
631 1356 776 1386 Ecclesiae
802 1358 892 1388 totius
918 1366 1007 1396 caput
1033 1366 1061 1389 et
1080 1361 1234 1396 dominus,
1255 1361 1294 1390 ita
1315 1361 1442 1390 omnium
1468 1361 1552 1389 etiam
1580 1359 1728 1389 Ecclesiae
1750 1358 1898 1388 ministro·

389 1414 451 1435 rum
476 1405 612 1442 princeps
635 1413 662 1436 et
689 1409 881 1446 gubernator;
913 1418 962 1438 nec
990 1416 1081 1439 tamen
1117 1412 1206 1440 hocce
1235 1411 1398 1448 principatu
1428 1417 1456 1440 et
1488 1410 1625 1448 regimine
1647 1410 1709 1448 ejus
1736 1409 1891 1445 imperium.

385 1456 564 1486 terminatur.
605 1458 730 1487 Pertinet
758 1459 832 1488 enim
861 1461 896 1488 ad
925 1468 970 1489 res
1003 1469 1103 1489 omnes
1131 1462 1269 1490 coelestes
1300 1470 1388 1498 aeque
1413 1470 1445 1491 ac
1478 1468 1612 1491 terrenas.
1661 1461 1773 1496 Aperta
1795 1459 1894 1497 impri-

388 1509 442 1537 mis
468 1509 497 1537 in
522 1508 594 1537 hanc
625 1516 680 1537 rem
708 1515 777 1538 sunt
807 1511 870 1539 loca
894 1510 985 1542 Matt.
1005 1512 1160 1542 XXVIII:
1184 1513 1231 1542 18.
1253 1518 1281 1541 et
1309 1512 1389 1549 Eph.
1409 1513 1445 1542 1:
1468 1520 1529 1547 αα,
1551 1520 1600 1548 23.
1639 1510 1715 1549 Quis
1738 1519 1807 1541 vero
1834 1518 1899 1548 per·

389 1559 486 1588 hibere
510 1558 606 1594 ausit,
637 1560 716 1595 quod
736 1560 822 1598 Jesus
851 1561 988 1590 Christus
1015 1571 1158 1591 summum
1189 1563 1219 1592 in
1246 1571 1289 1592 res
1317 1570 1440 1592 terrenas
1476 1562 1626 1599 imperium
1661 1569 1808 1597 exerceat,
1829 1562 1895 1590 nul-

387 1610 445 1638 lum
474 1610 536 1638 ideo
563 1610 759 1647 magistratum
786 1618 813 1640 et
842 1613 946 1641 nullam
980 1622 1101 1649 prorsus
1127 1614 1231 1650 regiam
1262 1614 1429 1650 dignitatem
1454 1613 1484 1642 in
1513 1612 1661 1641 hominum
1692 1612 1827 1641 societate
1851 1612 1900 1641 ad·

386 1661 549 1689 mittendam
579 1662 667 1690 esse?
689 1677 722 1685 —
742 1662 816 1691 Sunt
844 1663 976 1698 profecto
1000 1672 1044 1693 res
1071 1665 1107 1694 ad
1139 1664 1297 1693 Ecclesiam
1327 1664 1524 1701 pertinentes,
1553 1663 1588 1690 de
1615 1661 1722 1697 quibus
1749 1663 1898 1700 magistra·

388 1711 431 1739 tui
458 1711 537 1739 nulla
565 1711 682 1740 omnino
711 1713 907 1742 constituendi
947 1713 1071 1743 facultas
1100 1722 1261 1752 competere
1286 1715 1436 1750 videatur,
1467 1713 1518 1742 sed
1548 1719 1603 1742 tam
1629 1713 1714 1749 longe
1747 1713 1843 1748 abest,
1866 1719 1900 1742 ut

387 1769 472 1791 omne
497 1770 618 1798 prorsus
648 1762 796 1798 imperium
823 1764 899 1792 circa
922 1772 966 1792 res
996 1766 1216 1795 Ecclesiasticas
1241 1767 1264 1795 ci
1283 1767 1477 1802 denegandum
1504 1764 1566 1800 sit,
1586 1770 1618 1792 ut
1644 1764 1742 1799 potius
1758 1770 1785 1792 ct
1802 1763 1895 1800 ipsius

386 1811 533 1841 Ecclesiae
558 1813 645 1841 decus
675 1820 761 1849 atque
794 1814 1016 1842 emolumentum
1043 1820 1071 1843 et
1094 1815 1202 1853 jurium
1227 1816 1289 1853 eius
1314 1815 1577 1846 conservandorum
1598 1814 1754 1844 necessitas
1783 1814 1892 1851 etipsa

1855 1865 1895 1894 rei

418 1925 483 1961 (3)
508 1926 595 1953 Conss‘.
614 1927 737 1953 li'iistneri
755 1928 913 1961 llypanmcm.
937 1929 973 1954 ad
989 1929 1015 1957 h.
1029 1931 1047 1957 l.

418 1971 479 2007 (4)
504 1974 572 2000 ,ΟΛ-ς.
590 1974 660 2001 laud.
680 1975 742 2008 Opp.
768 1975 800 2001 T.
819 1974 867 2002 lv.
895 1982 953 2007 pag.
970 1977 1030 2003 218³
