1946 2517
388 138 706 171 COMMENTATIO
725 148 768 170 At)
789 138 1094 177 QUAESTIONEM
1124 140 1360 175 CHEMICAM.
1589 152 1628 182 27

150 224 263 255 Similia
284 224 474 260 experimenta
494 223 682 252 instituerunt
698 223 783 252 Tillcc
805 223 890 260 (a),
912 224 1022 253 Bonnct
1038 225 1076 262 (b
1087 226 1120 260 )‚
1142 224 1326 262 Heni-eme>
1347 231 1374 254 et
1391 225 1540 255 Dahamcl
1553 227 1621 265 (d)

113 281 164 314 qui
189 276 261 315 (uti
278 275 484 312 Helmomius)
504 275 537 304 ad
557 276 585 303 id
604 274 792 304 evincendum
820 281 927 309 praeter
944 275 997 303 alia
1014 276 1202 311 experimenta
1222 277 1256 306 ab
1275 277 1340 312 ipso
1365 277 1459 312 facta,
1480 279 1513 306 ad
1536 287 1620 314 quer.

111 338 168 358 cus
193 329 319 357 arborem
338 333 477 363 provocat
490 345 501 361 ‚
523 334 596 361 quae
613 334 661 361 per
676 326 832 361 plusquam
853 333 920 353 octo
939 334 1030 355 annos
1050 327 1080 355 in
1099 336 1172 356 mera
1191 336 1265 364 aqua
1284 336 1316 357 ex
1330 329 1457 370 germine
1475 337 1529 357 suo
1547 329 1619 359 laete

113 385 314 417 vegetaverat,
336 385 363 406 et
389 378 545 413 quotannis
571 377 642 405 folia
660 376 780 404 virentia
802 377 969 412 protulerat.

150 433 178 461 A
194 429 399 460 recentioribus
417 438 484 459 vero
497 434 565 465 post
578 428 642 456 iilos
658 427 786 463 physicis
805 428 905 456 haecce
922 429 1110 464 experimenta
1125 431 1225 467 rejecta
1242 416 1330 466 sunt,
1349 431 1458 468 quippe
1477 439 1548 467 quae
1559 416 1619 461 non

110 483 151 513 ita
170 489 300 512 accurate
318 488 416 510 essent
435 480 567 509 instituta
582 497 592 513 ,
615 485 646 506 ut
666 479 760 507 omnis
786 479 876 507 aliena
900 481 1028 507 materies
1053 488 1161 515 praeter
1184 490 1285 517 aquam
1305 491 1320 510 a
1337 483 1445 518 plantis
1466 473 1618 511 arceretur.

110 534 269 570 Postquam
287 533 363 562 enim
383 531 527 568 Priestley
539 551 549 566 ‚
571 529 768 566 lngmmousz,
790 530 963 565 Senncbier,
984 538 1012 558 ct
1031 530 1078 558 alii
1097 530 1328 562 observavissent
1344 534 1450 562 nuliam
1469 534 1623 570 procedere

111 594 201 622 posse
227 584 434 621 vegetationem
460 581 516 611 nisi
537 580 565 609 in
585 581 746 616 plantarum
773 581 882 609 ambitu
900 581 1027 610 diversae
1051 584 1148 610 aerum
1174 583 1285 619 species
1310 585 1461 620 adessent,
1489 584 1618 613 dubitare

113 637 283 672 inceperunt
299 635 333 664 de
350 635 399 662 ilia
416 633 555 662 sententia
571 632 784 668 (nempe'quod
798 640 872 668 aqua
885 633 947 661 sola
967 634 1003 661 ad
1016 634 1258 675 compositionem
1277 636 1427 671 vegetalem
1447 635 1617 672 sufficeret).

115 687 276 718 Sennebicr
303 684 455 721 inprimis,
477 683 528 719 qui
545 684 745 720 experimentis
761 684 822 712 suis
838 683 949 720 primus
968 686 1122 714 convictus
1145 694 1220 714 esset
1247 687 1280 714 de
1303 686 1434 715 absoluta
1455 687 1623 715 necessitate

114 736 378 774 decompositionis
395 736 455 764 Gas
471 735 558 764 Acidi
576 735 733 764 Carbonici
751 736 781 764 in
795 736 992 771 vegetatione,
1014 737 1120 765 hancce
1136 737 1301 774 opinionem
1320 738 1400 766 nuilo
1421 738 1506 766 modo
1520 737 1623 765 admit-

112 795 172 819 tere
196 795 329 825 poterat,
349 788 417 815 dum
441 795 475 816 ex
492 787 553 815 sola
572 787 779 822 aqua-nullum
798 786 995 815 Carbonicum
1016 788 1124 823 plantis
1146 789 1254 825 porrigi
1275 797 1362 824 posse
1383 789 1544 819 constabat.

152 839 230 870 Cum
256 847 344 876 porro
363 840 459 868 omnia
482 838 551 866 haec
578 838 771 874 experimenta
795 837 825 865 in
846 837 906 865 aete
925 837 1015 866 libero
1037 838 1172 868 instituta
1193 846 1308 875 essent,
1331 840 1381 875 qui
1403 848 1513 876 semper
1538 840 1627 876 hujus

112 901 166 931 gas
197 892 345 927 quamdam
366 890 552 926 quantitatem
578 889 636 918 sibi
656 889 809 917 admixtam
827 895 924 924 tenet,
945 890 1103 919 Carbonici
1122 891 1207 928 copia
1222 892 1253 920 in
1277 892 1383 928 plantis
1405 892 1488 921 facile
1504 900 1554 928 per
1571 892 1626 920 hu-

109 945 162 982 jus
182 942 461 979 decompositionem
482 941 578 977 augeri
601 947 724 976 poterat.

155 995 339 1033 Quamquam
361 1000 453 1022 autem
480 997 616 1029 negarent
643 991 734 1021 solam
755 1000 859 1031 aquam
884 993 1044 1029 plantarum
1067 982 1133 1024 esse
1155 995 1384 1030 nutrimentum,
1413 1002 1513 1031 negare
1534 999 1628 1023 tamen

115 1057 176 1079 non
196 1054 328 1085 poterant
348 1047 487 1083 insignem
508 1046 596 1081 hujus
618 1053 680 1074 esse
702 1046 779 1080 vim,
802 1046 953 1074 efficaciam
973 1053 1059 1080 atque
1080 1035 1229 1074 utilitatem
1247 1045 1277 1074 in
1296 1046 1516 1081 vegetationem.
1547 1045 1628 1073 Con-

117 1100 213 1130 stabat
226 1099 302 1128 enim
318 1098 426 1127 nullam
443 1105 494 1126 nec
516 1095 750 1132 germinationem
769 1104 820 1125 nec
842 1096 1049 1133 vegetationem
1064 1096 1196 1126 obtinere
1207 1116 1218 1132 ‚
1239 1096 1297 1125 nisi
1318 1097 1397 1132 quod
1415 1097 1530 1133 plantae
1545 1097 1630 1125 etiam

112 1160 205 1189 aquae
225 1151 376 1188 quamdam
399 1149 561 1186 portionem
583 1147 734 1176 absorbere
754 1148 883 1183 possint.

155 1202 358 1232 Observabant
377 1201 442 1230 loca
465 1200 580 1228 humida
600 1198 658 1227 fere
673 1207 783 1236 semper
798 1199 902 1228 fertilia
920 1207 1004 1236 esse,
1020 1199 1098 1229 sicca
1114 1208 1182 1230 vero
1196 1199 1322 1236 sterilia3
1341 1206 1368 1228 et
1386 1205 1431 1228 tot
1448 1198 1513 1228 aliis
1535 1206 1630 1227 exem-

114 1255 175 1294 plis
195 1256 264 1293 (ε)
284 1253 357 1282 illud
373 1252 480 1290 patuit.

153 1307 374 1342 inquisiverunt
393 1303 495 1333 abinde
515 1302 547 1331 in
567 1302 708 1337 modum,
728 1310 788 1338 quo
813 1310 888 1338 aqua
910 1302 946 1330 ad
973 1303 1134 1338 plantarum
1156 1311 1324 1340 compagem
1347 1302 1497 1339 perveniat
1522 1309 1549 1331 et
1576 1309 1631 1338 qua

113 1361 224 1389 tatione
245 1358 285 1386 ibi
305 1364 381 1393 agat.

153 1409 274 1446 Duplici
292 1409 379 1437 modo
397 1415 473 1443 aqua
490 1406 524 1435 ad
539 1405 641 1435 intima
665 1414 732 1435 vasa
752 1405 865 1442 plantae
883 1405 1034 1442 pervenit,
1059 1415 1161 1443 nempe
1177 1405 1320 1435 radicibus
1341 1414 1374 1434 ex
1393 1411 1465 1434 terra
1483 1406 1584 1433 hausta
1601 1409 1630 1433 et

112 1461 195 1493 foliis
218 1469 251 1490 ex
274 1458 499 1494 Atmosphaera.

156 1513 281 1542 Nullum
301 1510 422 1539 dubium
439 1514 504 1544 est,
525 1508 596 1543 quin
619 1507 725 1536 humor
747 1507 776 1536 in
794 1514 867 1537 terra
886 1513 1039 1538 contentus
1059 1517 1075 1537 a
1096 1508 1240 1538 radicibus
1267 1507 1469 1537 absorbeatur:
1498 1506 1545 1535 ille
1572 1506 1625 1534 hu-

111 1573 180 1595 mor
197 1573 212 1592 a
228 1563 356 1592 radicum
376 1560 490 1589 iibrillis
508 1566 677 1595 susceptus,
695 1568 745 1595 per
761 1559 894 1589 fibrarum
912 1561 1068 1596 lignearum
1085 1561 1195 1589 canales
1214 1560 1435 1590 intereellulares
1452 1557 1516 1596 (f)
1532 1557 1623 1586 cauIIs

114 1614 316 1646 adscendentis
331 1613 365 1641 ad
389 1611 461 1640 folia
479 1610 591 1646 ἵει-ων,
622 1617 649 1639 et
678 1611 774 1639 omnia
795 1618 863 1639 vasa
887 1618 1038 1647 permeans
1062 1616 1152 1640 totam
1177 1611 1293 1649 plantae
1320 1618 1487 1649 compagem
1513 1609 1623 1645 impiet.

115 1666 250 1697 Diversis
273 1662 479 1700 experimentis
500 1662 572 1691 illud
592 1661 745 1698 probatur.

1601 1717 1631 1743 Ι·

101 1782 104 1785 “
145 1783 194 1812 (a)
217 1780 335 1801 li7en101'res
350 1778 377 1800 de
393 1777 546 1806 l'Acadctnt'e,
562 1782 627 1806 ¹7⁷²·

145 1823 194 1852 (h)
219 1823 262 1842 Sur
277 1821 357 1846 l'usage
374 1819 410 1840 des
422 1820 532 1847 fauilla,
555 1824 603 1845 pag.
623 1820 670 1845 158.

146 1864 193 1891 (c)
217 1863 281 1883 Flora
297 1862 462 1888 Saturnium,
478 1861 514 1880 die
530 1858 711 1887 Vcrwantschaft
726 1859 766 1880 der
781 1859 890 1887 Pflanzen
904 1859 946 1882 mie
963 1859 1004 1882 alen
1020 1860 1215 1887 Minna-kelch,

144 1904 199 1932 (d)
222 1903 339 1923 Memoim
357 1902 381 1922 de
396 1901 531 1922 I'Academr‘c
551 1903 612 1930 ¹7⁴3-
630 1908 679 1929 pag.
698 1908 747 1930 272.

149 1946 197 1973 (a)
220 1943 341 1964 Sennehiar
377 1944 416 1964 loc.
437 1943 477 1965 cil.
501 1944 567 1965 Tom.
584 1950 604 1968 4,
626 1950 676 1970 pag,
693 1949 728 1967 51,

146 1984 196 2014 (f)
219 1984 315 2013 Kicm,
337 1983 444 2005 Mcmou'n
460 1990 499 2003 mr
514 1983 687 2011 Vorganisan'on
703 1983 739 2006 des
750 1985 854 2013 planus,
874 1991 926 2014 pag·
944 1985 1080 2014 2480-2670

907 2029 975 2059 Ds.
