1946 2517
324 182 353 214 8,
666 169 1077 206 EUGENII
1165 170 1508 207 DAV1D·s

334 265 407 294 tium
434 262 544 292 directo
568 260 656 291 modo
680 268 713 289 ex
740 266 836 295 aqua,
868 255 944 285 lucis
976 254 1139 285 interventu
1165 264 1328 293 generatum
1355 257 1452 287 fuisse
1471 258 1620 289 contendit
1648 260 1665 296 (
1673 259 1731 299 a).
1772 261 1847 293 Non

342 316 480 346 minorem
501 321 569 343 vero
593 319 683 348 aquae
714 311 744 339 in
771 307 976 347 germinatione
1006 306 1155 335 efficaciam
1176 307 1309 337 tribuunt
1330 309 1504 338 Saussurius
1524 310 1586 348 (b)
1614 311 1762 350 Fourcroy
1782 314 1843 352 (ο)

334 375 365 398 et
391 367 450 397 alii.
491 366 604 395 Haecce
633 362 744 391 utilitas
773 366 866 390 autem
898 357 985 388 nobis
1012 359 1097 395 plane
1127 366 1262 396 apparet,
1296 361 1412 397 quando
1440 362 1502 400 ejus
1530 363 1630 401 agendi
1661 365 1777 395 modum
1801 366 1846 396 in·

332 418 480 456 dagamus.

372 468 555 498 Absorbetur
580 466 674 503 primo
700 471 728 494 et
757 462 921 493 interiorem
952 459 1069 490 seminis
1094 468 1261 499 compagem
1289 463 1376 493 intrat
1407 473 1458 502 per
1484 465 1673 502 umbilicum,
1700 467 1742 496 ibi
1765 473 1847 504 tegu-

336 527 433 552 menta
464 520 564 549 mollia
588 519 701 554 reddit,
734 527 794 555 quo
820 516 899 546 facto
923 523 1021 545 eorum
1045 514 1192 551 disruptio
1218 513 1332 544 facilior
1354 522 1420 552 est,
1453 518 1588 547 albumen
1612 519 1715 554 diluit,
1747 518 1845 555 Coty-

336 573 455 602 ledones
479 571 606 601 extendit
627 570 787 609 (replet),
813 568 952 598 actionem
981 566 1114 603 oxygenii
1135 572 1162 594 et
1185 565 1386 597 formationem
1416 569 1546 598 materiae
1569 569 1726 599 nutritivae
1752 568 1848 599 facili.

336 630 397 669 tat,
418 632 502 660 quam
523 631 575 659 per
591 622 688 652 varios
708 622 814 650 ductus
834 619 932 655 vehit,
953 625 982 647 et
1001 618 1147 655 plantulae
1167 618 1197 647 in
1217 624 1294 646 statu
1314 618 1426 654 liquido
1447 619 1540 650 offert.

373 676 413 706 Hi
435 677 542 705 ductus
572 675 657 713 (sive
685 676 778 713 vasa)
805 674 962 702 decurrunt
988 681 1005 701 a
1033 668 1268 708 Cotyledonibus
1293 670 1328 698 ad
1364 670 1539 707 radiculam,
1568 678 1596 700 et
1622 681 1638 701 a
1660 673 1785 702 radicula
1808 672 1846 702 ad

331 729 505 765 plumulam.
547 727 623 758 Inter
648 726 810 764 plumulam
836 731 864 754 et
888 724 1085 762 cotyledones
1103 723 1185 754 nulla
1211 722 1395 759 immediata,
1423 722 1449 753 si
1453 730 1486 752 ve
1509 723 1634 760 directa,
1661 725 1744 754 datur
1763 732 1845 753 com-

329 780 500 810 municatio.

373 832 435 860 Hac
461 829 582 867 periodo
608 829 700 858 adhuc
733 827 929 864 cotyledones
957 832 1042 861 quam
1069 823 1189 854 maxime
1214 828 1282 855 sunt
1312 821 1506 858 necessariae,
1533 822 1648 858 quando
1676 797 1846 860 tolluntur,

335 883 399 912 sive
426 881 635 910 abscinduntur
664 879 794 916 plantula
822 878 917 915 perit3
947 875 1080 913 plumula
1108 883 1178 905 vero
1212 874 1294 904 foliis
1324 873 1460 911 obtecta,
1497 874 1695 911 Cotyledones
1724 875 1842 905 inutiles

335 934 516 968 redduntur,
537 939 565 961 et
585 940 652 961 mox
672 937 777 968 sponte
797 929 914 958 cadunt.

377 984 559 1020 Postquam,
581 981 697 1019 peracta
722 981 948 1019 germinatione,
978 979 1176 1016 Cotyledones
1202 977 1362 1008 desiccatae
1389 983 1480 1013 sunt,
1501 983 1530 1006 et
1554 978 1737 1013 ceciderunt,
1766 985 1852 1008 nova*

337 1035 393 1065 sub
430 1035 522 1064 forma
551 1034 681 1070 plantula
714 1032 853 1068 exsurgit.
906 1031 985 1059 Haec
1023 1038 1058 1059 ex
1090 1029 1147 1058 illis
1180 1029 1294 1066 organis
1329 1037 1389 1058 non
1420 1029 1545 1064 amplius
1571 1035 1641 1057 tunc
1671 1029 1848 1058 nutrimenta

335 1075 449 1116 haurire
473 1091 593 1123 potest,
614 1084 688 1113 vivit
713 1090 807 1112 tamen
836 1090 863 1111 et
886 1083 1046 1111 accrescit:
1079 1080 1189 1109 radices
1218 1079 1344 1114 emittit,
1373 1087 1445 1115 quae
1472 1084 1571 1107 terram
1597 1079 1734 1107 intrantes
1752 1078 1845 1108 fibi-il-

335 1139 379 1168 las
412 1138 599 1175 producunt:
632 1136 694 1173 ejus
721 1135 816 1164 caulis
848 1134 879 1163 in
908 1134 1000 1163 altum
1025 1141 1055 1163 se
1079 1133 1191 1168 elevat,
1222 1138 1250 1160 et
1276 1139 1370 1160 ramos
1395 1131 1488 1167 gignit
1508 1130 1560 1166 qui
1589 1129 1670 1158 foliis
1692 1136 1844 1159 ornantur.

334 1190 384 1220 Ad
411 1188 482 1218 illud
508 1188 714 1217 incrementum
748 1194 825 1223 opus
851 1191 917 1221 est,
945 1191 979 1214 ut
1004 1185 1140 1221 quasdam
1167 1183 1297 1212 materias
1323 1189 1467 1211 assumere
1496 1187 1524 1210 et
1553 1180 1678 1209 Naturae
1705 1188 1774 1209 suae
1800 1188 1848 1209 aa·

333 1240 459 1270 similare
495 1239 640 1276 possint,
680 1238 768 1276 igitur
806 1244 839 1269 ut
877 1237 1052 1266 nutriantur.
1103 1236 1295 1265 Transeamus
1330 1242 1398 1270 ergo
1435 1233 1480 1263 hic
1515 1233 1550 1261 ad
1586 1231 1844 1261 considerationem

335 1292 515 1321 materierum
544 1290 698 1320 nutritioni
718 1288 874 1326 vegetabili
898 1288 1146 1323 necessariarum,
1166 1293 1194 1317 et
1214 1285 1328 1323 quidem
1348 1286 1384 1314 ad
1403 1284 1564 1314 Sectionem
1584 1285 1718 1321 primam.

363 1392 417 1420 (n
437 1393 531 1414 nancte
553 1392 724 1415 conclusionem
746 1397 791 1415 non
808 1391 913 1421 perfecte
933 1394 1059 1413 securarum
1085 1394 1148 1418 erse,
1170 1390 1225 1412 dum
1246 1386 1366 1416 hypothesi
1390 1385 1533 1410 formationis
1553 1384 1659 1416 propriae
1681 1383 1804 1408 cubonlcl
1822 1384 1851 1407 ιι

336 1434 412 1461 planta
427 1433 521 1460 nititur,
543 1439 595 1455 mox
611 1432 748 1456 videbimus.

358 1473 414 1501 (b)
434 1474 450 1496 1,
468 1480 487 1496 c.
506 1481 530 1501 p.
544 1476 594 1497 218.
612 1479 634 1497 et
651 1481 700 1502 seq.

358 1513 412 1543 (c)
427 1515 518 1543 Syrum
535 1515 571 1538 des
587 1518 654 1544 Coun,
671 1516 814 1546 σὴῐηιίςηυ,
836 1518 906 1540 'rom-
923 1515 963 1538 IV.
986 1520 1039 1544 με,
1056 1519 1107 1542 335.

1710 2030 1752 2059 812·
1759 2029 1858 2059 C'l'lo
