1946 2517
675 164 1067 201 ORATIO.
1565 177 1601 208 15

130 261 210 292 riam
240 257 463 291 observatione
485 258 640 288 Naturae:
663 267 769 299 neque
793 266 942 287 summus
964 268 982 288 e
1004 255 1132 287 serioris
1157 255 1226 287 aevi
1251 254 1456 299 Pliilosophis
1490 267 1536 288 Le
1550 267 1559 289 1
1574 268 1605 287 a·

130 327 269 349 NlTlUs
295 316 403 346 minus
421 317 580 356 Prologea
604 323 677 351 sua,
700 319 754 343 aut
778 312 924 349 iuventa,
949 321 1118 356 antequam
1145 322 1371 344 newa-onus
1397 311 1438 344 de
1464 323 1500 344 ea
1526 313 1606 356 quid

130 374 311 413 evulgaret,
334 372 465 413 Analysi
490 369 714 407 Infinitorum‚
736 380 832 412 quam
857 371 1036 412 conscripta
1066 368 1249 400 leeodicea
1264 393 1272 406 ‚
1297 369 1454 400 inclaruit.

173 431 315 468 Verum,
348 439 415 471 quo
453 426 634 458 evidentius
669 425 710 457 de
735 437 792 463 eo,
825 426 914 468 quod
939 437 1026 457 nune
1056 428 1258 468 potissimum
1287 427 1431 468 agimus,
1461 432 1608 461 constet,

130 484 170 516 de
203 485 288 515 binis
318 483 540 524 Philosophiae
576 481 719 525 partibus
760 483 892 513 seorsim
927 482 1102 514 videamus,
1160 482 1197 514 ln
1231 483 1444 525 metaphysica
1476 482 1606 524 quiden]

131 548 218 584 parte
243 541 342 572 fateor
363 541 414 583 agi
440 540 479 570 de
503 540 615 576 rebus,
639 549 733 582 quae,
757 549 833 569 eum
862 539 1008 570 sensibus
1032 551 1098 570 non
1123 539 1282 580 subjectae
1310 539 1393 575 sint,
1417 537 1484 569 sola
1511 542 1606 569 ratiu-

128 607 190 636 ne,
215 608 279 628 non
306 598 380 627 item
405 595 600 638 experientia
633 595 784 637 cognosci
818 594 1022 628 videantur.·
1044 596 1081 627 ln
1108 595 1308 636 Ontologicis
1336 593 1476 636 profecto
1511 605 1610 637 quae-

128 653 290 685 stionibus
316 653 356 684 de
379 653 431 688 iis,
455 662 537 695 quae
558 651 736 690 omnibus,
759 658 920 694 quotquot
943 652 993 683 vel
1015 652 1100 689 sint,
1127 652 1178 683 ‘vel
1202 652 1397 693 cogitatione
1422 650 1502 693 fingi
1530 661 1603 694 pos-

129 712 211 749 sint,
233 709 328 741 rebus
352 708 516 747 accidant,
540 712 589 739 vel
616 718 635 738 a
661 708 754 739 nobis
776 708 964 739 tribuendae
991 708 1184 748 videantur,
1214 707 1456 749 affectionibus3
1488 708 1520 737 in
1552 707 1608 744 do-

125 767 228 799 ctrina
238 765 415 803 Ideatum,
433 775 515 807 quae
533 764 650 795 eximie
666 764 835 803 dicantur,
858 765 1047 801 Libertatis,
1074 764 1344 799 immortalitatis,
1371 764 1520 799 Virtutis,
1547 766 1606 794 Re-

127 821 275 865 ligionis,
300 832 376 864 prae
397 822 510 852 ceteris
541 820 641 851 robur
666 823 752 853 cerni
782 827 878 862 atque
909 823 1135 863 praestantiam
1164 821 1297 859 mentis,
1320 820 1448 851 divinae
1475 831 1608 862 prorsus

126 880 261 909 rationis
289 877 364 908 dote
394 876 576 919 praeditae,
604 878 678 918 quis
707 876 787 907 adeo
814 876 911 907 hebes
944 878 984 908 sit
1012 885 1067 908 aut
1097 876 1283 921 plumbeus,
1308 877 1364 918 qui
1393 887 1460 907 non
1489 880 1610 920 perspi·

126 935 212 967 ciat?
234 933 293 966 Vel
321 935 367 965 sic
389 941 495 966 tamen
511 958 522 975 ,
553 945 657 977 neque
683 933 723 965 de
749 936 846 971 Ente,
878 933 967 977 quod
995 940 1129 972 vocant,
1154 932 1359 976 probabiliter
1384 932 1605 976 philosophari

124 992 200 1035 quis
234 992 369 1034 poterit,
402 992 465 1022 nisi
501 991 795 1034 priusobservatis
826 993 885 1029 iis,
917 1001 1000 1033 quae
1025 1001 1178 1021 sensuum
1208 996 1413 1021 externorum
1441 996 1472 1020 et
1508 990 1607 1020 iuter-

125 1059 244 1080 norum
269 1059 330 1091 ope
357 1048 586 1086 innotescunt3
610 1058 714 1090 neque
743 1046 985 1089 Psyclzologiam
1013 1057 1086 1077 vere
1111 1045 1303 1076 rationalem
1330 1055 1513 1088 exponere.
1542 1046 1604 1075 nisi

126 1107 297 1148 empiricae
318 1106 426 1136 nixam
445 1104 688 1146 Psyclzologstze,
711 1115 811 1146 quae,
836 1103 984 1146 Physices
1002 1104 1120 1138 instar,
1153 1102 1378 1143 experimentis
1401 1108 1542 1141 constat,
1566 1101 1605 1132 de

122 1162 229 1192 animo
260 1161 405 1191 humano
440 1162 555 1203 captis.
601 1159 712 1200 Quid?
744 1159 834 1202 quod
869 1160 937 1202 ipsa
974 1157 1138 1191 Naturalis
1169 1157 1362 1199 'llzeologia‚
1396 1169 1414 1188 a
1445 1158 1606 1189 Cosmolo·

118 1220 175 1260 gia
197 1224 228 1249 et
252 1216 459 1259 Psychologia
487 1218 542 1248 vix
567 1228 604 1248 ac
633 1228 674 1248 ne
700 1218 752 1248 vix
780 1215 911 1259 quidem
943 1215 1036 1257 plane
1058 1214 1254 1252 divellenda,
1284 1225 1351 1244 non
1377 1216 1476 1255 magis
1506 1226 1604 1256 quam

121 1277 251 1307 Morum
274 1275 449 1310 Doctrina,
474 1275 543 1304 sine
567 1280 698 1303 naturae
726 1272 886 1303 humanae
915 1282 1088 1314 rerumque
1111 1270 1373 1313 adspectabilium
1397 1271 1601 1312 diligentiore

121 1331 344 1366 observatione
377 1330 510 1372 cogitari
543 1328 610 1360 ullo
644 1336 736 1371 pacto
764 1335 880 1371 potest.
935 1329 1044 1359 Fuisse
1080 1338 1318 1369 nonuunquam
1346 1334 1378 1357 et
1403 1338 1469 1358 esse
1492 1329 1601 1358 etiarn.

119 1399 220 1426 num,
243 1390 300 1430 qui
327 1385 485 1429 ejusmodi
517 1389 797 1423 constructionem,
823 1395 921 1421 Quam
942 1385 1104 1423 dicerent,
1137 1391 1168 1415 et
1193 1387 1243 1415 sai
1266 1390 1297 1414 et
1323 1383 1434 1415 mundi
1461 1385 1602 1416 universi

118 1452 150 1476 et
178 1447 245 1476 Dei.
267 1445 390 1487 ipsius,
429 1454 446 1474 a
475 1444 577 1485 priori
610 1448 674 1484 (ut
706 1442 908 1485 loquuntur)
942 1447 1118 1478 tentarent,
1149 1452 1216 1471 non
1243 1440 1390 1482 equidem
1419 1451 1516 1482 nego:
1541 1435 1601 1471 hos

118 1512 214 1540 vero,
239 1511 257 1531 a
284 1510 396 1531 sensus
423 1501 607 1531 communis
638 1499 853 1529 contubermo
884 1498 1070 1539 longissime
1099 1504 1255 1533 remotos,
1281 1498 1313 1527 in
1339 1497 1524 1538 regionibus
1549 1500 1601 1530 ai}-

118 1558 180 1589 reis
213 1557 305 1600 quasi
333 1563 364 1588 et
391 1555 660 1598 supraluuaribus
690 1554 848 1597 palantes»,
877 1564 1024 1585 sermone
1056 1554 1124 1585 aliis
1149 1553 1334 1584 hominibus
1367 1552 1452 1584 haud
1480 1553 1597 1585 intelli·

119 1613 210 1656 gibili
235 1623 309 1644 usos
331 1619 363 1644 et
383 1613 416 1643 in
440 1615 532 1653 ipso,
561 1611 651 1654 quod
675 1621 784 1642 animo
811 1614 1018 1650 intueantur,
1042 1610 1199 1643 Absolato
1225 1609 1322 1640 veluti
1342 1620 1478 1647 mersos,
1501 1613 1600 1653 quis,

120 1673 236 1701 mentis
265 1669 372 1700 adhuc
401 1679 550 1711 compos,
575 1679 667 1699 veros
694 1667 810 1699 salutet
836 1668 1070 1710 Philosophos?
1099 1670 1180 1707 Quis
1212 1666 1284 1697 talia
1316 1677 1427 1697 eorum
1454 1667 1597 1710 philoso-

121 1726 267 1769 phemata
295 1737 362 1756 non
393 1735 504 1767 aegrae
530 1725 645 1755 mentis
671 1728 795 1755 somnia
817 1724 926 1755 dicat?

165 1784 208 1812 Ea
231 1781 372 1824 profecto
401 1782 482 1812 ratio
509 1780 759 1823 philosophandi
788 1792 854 1812 non
887 1780 948 1811 suit
972 1778 1197 1811 laudatissimis
1223 1780 1330 1810 omnis
1359 1780 1427 1811 aevi
1454 1779 1596 1811 Philoso-

122 1837 212 1880 phis‚
235 1848 374 1880 quorum
402 1837 560 1880 praeclara
585 1847 716 1868 nomina
741 1837 908 1879 posteritas
925 1836 1030 1867 adhuc
1049 1842 1217 1866 veneratur
1240 1842 1271 1866 et
1289 1835 1492 1866 venerabitur
1510 1846 1594 1866 sem-

122 1905 187 1936 per.
234 1896 308 1924 Non
339 1897 385 1924 sic
413 1894 721 1936 philosophabatur,
765 1893 992 1924 subtilissimus
1023 1892 1113 1928 licet,
1149 1902 1385 1929 Plel=xG0¹tAs,
1423 1901 1462 1922 ne
1489 1902 1592 1922 niro

123 1950 254 1994 quidem
276 1956 331 1980 aut
353 1960 643 1982 Λιιιετοτειιὸ.
688 1951 762 1982 Non
783 1963 820 1983 ea
839 1958 946 1982 niente
971 1957 1063 1982 erant
1091 1949 1139 1982 vel
1162 1960 1374 1988 CAri'rEsit,
1406 1950 1456 1982 vel
1487 1962 1593 1982 Ltiss-

1536 2017 1596 2037 nr-
