1946 2517
352 186 387 215 14
739 171 1086 204 GULIELMt
1144 172 1451 204 DELPRAT

352 257 456 288 minem
480 264 627 295 nunquam
654 262 732 287 certo
761 257 831 285 adeo
866 256 926 284 ictu
959 254 1111 284 collineare
1141 259 1228 297 porse
1252 256 1285 284 ad
1308 256 1476 286 destinatam
1505 261 1606 286 metam
1633 260 1666 286 ut
1688 262 1792 286 neutro
1815 256 1860 286 in-

348 310 461 346 clinet,
485 317 575 346 utque
600 308 723 337 felicitas
752 316 803 336 sua
824 315 917 343 neque
937 306 1023 336 nimis
1047 313 1168 343 magna,
1189 314 1282 343 neque
1306 308 1391 337 nimis
1414 317 1499 345 parva
1523 309 1574 338 sit.

388 361 443 392 Sed
463 368 606 398 ponamus
635 360 721 397 (vide
741 359 811 395 quid
833 359 961 396 largiar>
989 357 1132 386 hominem
1155 358 1190 386 ad
1216 358 1293 388 illam
1317 360 1510 390 dexteritatem
1533 360 1714 396 pervenisse,
1743 366 1772 389 et
1796 366 1859 390 tan-

348 413 412 442 dem
434 413 606 447 aerumnam
626 410 800 439 obtinuisse.
841 409 910 438 Sine
940 408 1030 437 dubio
1060 416 1119 437 non
1152 409 1216 438 sine
1242 419 1327 447 opera
1360 411 1507 448 obtinuit,
1532 419 1562 441 et
1589 420 1689 441 cavere
1714 412 1796 441 debet
1822 418 1859 441 ne

349 471 442 494 status
465 472 535 492 suus
566 462 709 498 varIctur,
732 468 766 490 ut
787 461 901 490 scilicet
927 467 1076 498 germanus
1101 467 1209 489 maneat
1234 461 1360 498 Epicuri
1388 462 1562 500 discipulus.

389 515 543 552 Ejusmodi
568 522 637 543 vero
665 513 796 542 conditio
817 519 934 549 torpens
954 519 1162 549 permanentem
1187 512 1351 544 felicitatem
1373 524 1433 545 non
1457 515 1624 552 praebebit:
1648 515 1699 545 sed
1729 521 1781 543 sua
1798 521 1861 543 mo-

345 566 467 595 notonia
490 566 630 595 citissime
653 564 801 594 fastidium
830 564 957 600 creabit,
986 565 1192 602 horroremque
1218 564 1349 596 incutiet.
1390 567 1469 604 Ergo
1493 575 1526 596 eo
1550 567 1617 604 ipso
1640 566 1787 595 hominem
1806 564 1860 594 im-

348 617 431 654 pellit
459 616 494 645 ad
519 617 686 654 voluptates
711 616 742 645 in
770 623 853 645 motu
876 615 990 652 positas
1016 619 1207 654 appetendas,
1228 625 1257 648 et
1283 620 1325 648 sic
1347 620 1468 656 Epicuri
1494 626 1642 658 praecepta
1670 619 1814 648 violanda.

387 666 483 704 Negat
509 668 538 696 id
562 669 733 705 Epicurus,
755 668 886 704 dicitque
908 676 941 697 se
965 669 1108 705 torpentis
1135 675 1242 699 statum
1261 678 1320 700 non
1349 671 1507 701 admittere.
1549 671 1603 700 Vel
1628 670 1672 700 sic
1695 675 1790 699 tamen
1817 675 1862 699 re·

346 717 539 753 prehensione
563 726 622 748 non
645 718 764 749 carebit.

384 768 500 798 Scilicet
520 770 633 799 videtur
650 770 698 800 hic
716 771 963 808 philosophorum
978 779 1063 808 mos,
1081 778 1113 801 ut
1129 773 1327 810 objectiones,
1344 781 1417 810 quas
1435 773 1617 810 praevident,
1635 772 1717 808 ipsos
1735 772 1860 808 primum

347 822 497 852 enuntient
511 842 522 857 ‚
542 829 628 859 atque
651 823 794 852 declarent
811 823 853 852 sic
878 822 950 860 ipsis
971 825 1182 854 occurrendum
1208 832 1267 854 non
1284 832 1359 854 esse.
1398 823 1515 861 Negant
1536 824 1608 852 hanc
1632 824 1678 852 vel
1700 823 1776 853 illam
1795 830 1863 859 pro·

348 873 545 909 positionem,
567 883 652 911 quam
682 883 716 904 ex
743 875 948 912 systematibus
971 876 1056 911 sequi
1082 877 1331 912 animadvertunt,
1364 883 1392 905 et
1420 883 1492 906 tunc
1520 876 1656 905 adversus
1685 875 1863 913 obiectiones

350 931 450 961 septos
475 934 505 954 se
534 927 707 956 arbitrantur
732 933 759 955 et
783 926 923 955 munitos.
965 926 1020 955 Sed
1050 928 1216 965 saepissime
1241 928 1283 957 nil
1306 927 1383 956 aliud
1413 927 1514 956 dicunt
1538 927 1615 957 nisi:
1646 935 1702 955 non
1723 927 1795 955 haec
1819 930 1862 955 ese

349 982 451 1004 nostra
473 986 567 1012 mens,
597 986 652 1006 non
671 980 712 1006 sic
735 977 921 1016 cogitandum
948 983 990 1006 est
1017 984 1074 1009 etc.
1101 988 1195 1016 neque
1219 986 1312 1008 tamen
1334 980 1420 1008 ullam
1447 979 1584 1008 rationem
1607 977 1742 1007 afferunt.
1782 976 1864 1007 Mul·

350 1025 373 1054 ti
401 1026 570 1063 philosophi
598 1028 663 1064 (sit
687 1029 766 1057 venia
791 1029 905 1065 verbo)
934 1029 1066 1059 homines
1096 1030 1227 1066 decipere
1252 1031 1408 1066 videntur,
1429 1031 1497 1060 dum
1521 1036 1619 1059 vetant
1642 1029 1698 1058 hoc
1723 1029 1769 1058 vel
1792 1029 1865 1059 illud

350 1083 488 1115 enatuere,
512 1081 590 1115 quod
616 1080 768 1109 manifeste
789 1087 822 1108 ex
847 1087 944 1108 eorum
971 1080 1083 1116 placitis
1108 1082 1254 1116 sequitur.

386 1129 466 1168 Quid
502 1130 559 1166 (ut
586 1131 640 1159 hoc
665 1131 751 1168 utar)
783 1139 848 1160 cum
876 1130 1048 1168 philosophi
1076 1130 1190 1167 quidam
1225 1131 1259 1160 ad
1291 1130 1376 1159 istam
1410 1129 1577 1159 dementiam
1611 1129 1798 1166 deciderunt,
1827 1135 1863 1160 ut

352 1181 502 1211 hominum
535 1183 636 1212 animis
662 1191 774 1213 omnem
801 1192 917 1213 sensum
952 1190 1118 1220 extorquere
1142 1188 1296 1219 cuperent,
1327 1181 1399 1218 quid
1422 1181 1522 1210 dicunt
1548 1189 1580 1210 se
1604 1181 1681 1211 nolle
1713 1181 1859 1211 hominem

351 1234 491 1270 lapideum
519 1242 601 1270 esse,
631 1242 696 1263 curn
723 1240 783 1263 tota
810 1243 906 1264 eorum
933 1235 1122 1272 philosophia
1150 1236 1179 1264 id
1203 1233 1305 1264 efficiat
1324 1241 1441 1263 necesse
1463 1232 1535 1262 est?
1575 1232 1623 1262 Sic
1648 1241 1768 1270 quoque
1787 1232 1862 1270 quid

349 1284 498 1321 Epicurus
519 1285 590 1314 dicit
611 1294 642 1314 se
667 1294 726 1314 non
753 1293 922 1323 stuporem,
943 1295 973 1315 se
1001 1295 1060 1316 non
1083 1292 1240 1323 torpentem
1264 1286 1439 1322 voluptatem
1467 1283 1645 1320 intelligere,
1667 1284 1782 1321 quando
1805 1283 1863 1313 hu·

346 1336 473 1373 jusmodi
498 1342 590 1365 status
617 1337 781 1365 necessario
808 1337 940 1373 sequitur
964 1345 998 1365 ex
1022 1344 1178 1374 systemate
1205 1337 1283 1372 quod
1309 1342 1453 1364 summum
1483 1334 1593 1363 bonum
1616 1335 1700 1371 ponit
1725 1335 1756 1364 in
1780 1341 1858 1365 tran-

349 1387 494 1422 quillitate
513 1386 714 1422 imperturbata
728 1407 738 1423 ‚
760 1396 831 1423 quae
853 1395 889 1416 ne
915 1387 1032 1416 minimo
1051 1388 1165 1423 quidem
1190 1387 1319 1422 indulget
1344 1385 1483 1415 desiderio
1503 1385 1664 1421 voluptatis
1687 1385 1856 1423 augendae?

386 1437 442 1465 Sed
467 1437 502 1465 ad
523 1437 576 1465 alia
597 1438 732 1473 quaedam
758 1437 878 1475 Epicuri
901 1437 1018 1466 scholae
1039 1438 1074 1466 de
1098 1437 1247 1466 Felicitate
1269 1437 1400 1473 dogmata
1422 1436 1611 1465 attendamus.

383 1487 423 1518 Et
454 1487 547 1524 primo
581 1488 715 1517 Felicitas
745 1497 798 1525 per
821 1488 960 1525 temporis
997 1488 1214 1517 diuturnitatem
1248 1488 1344 1524 augeri
1373 1487 1484 1523 nequit.
1530 1485 1601 1516 Non
1628 1494 1749 1523 possum
1784 1487 1859 1524 quin

349 1539 397 1568 bic
423 1539 574 1569 Ciceronis
592 1539 677 1568 verba
700 1539 815 1568 referam
843 1540 900 1569 hoc
925 1540 1089 1576 paradoxon
1114 1538 1284 1568 refutantis:
1317 1559 1335 1574 „
1355 1538 1448 1575 Negat
1469 1536 1614 1574 Epicurus
1641 1537 1857 1568 diuturnitatem

345 1590 459 1626 quidem
487 1590 624 1626 temporis
650 1591 684 1619 ad
710 1591 790 1619 beate
813 1591 968 1620 vivendum
1000 1591 1112 1627 aliquid
1143 1590 1264 1625 afferre,
1293 1597 1346 1618 nec
1380 1589 1517 1618 minorem
1542 1589 1720 1625 voluptatem
1743 1589 1856 1625 percipi

342 1640 374 1669 in
399 1640 537 1670 brevitate
562 1642 698 1677 temporis
735 1648 818 1678 quam
853 1642 879 1671 si
912 1642 961 1670 illa
988 1641 1027 1671 sit
1061 1641 1244 1677 sempiterna.
1292 1640 1371 1669 Haec
1406 1641 1544 1670 dicuntur
1575 1639 1856 1669 inconstantissime.

343 1691 420 1721 Cum
448 1692 522 1720 enim
551 1700 694 1721 summum
719 1693 826 1722 bonum
853 1693 882 1722 in
909 1694 1059 1730 voluptate
1078 1699 1185 1729 ponat,
1211 1698 1296 1729 negat
1321 1691 1437 1720 infinito
1470 1699 1598 1728 tempore
1624 1691 1723 1719 aetatis
1748 1692 1856 1728 volup-

337 1748 427 1772 «tatem
449 1742 510 1772 fieri
536 1743 668 1780 majorem
692 1752 775 1779 quam
810 1744 893 1774 finito
926 1751 1013 1781 atque
1042 1745 1167 1773 modico.
1208 1742 1268 1781 Qui
1303 1743 1413 1772 bonum
1449 1749 1534 1771 omne
1564 1742 1593 1770 in
1622 1742 1729 1771 virtute
1750 1744 1853 1779 ponit,

341 1794 368 1824 is
403 1799 498 1830 potest
525 1794 617 1823 dicere
638 1793 735 1830 perfici
761 1794 868 1825 beatam
903 1795 990 1825 vitam
1024 1794 1200 1832 perfectione
1228 1794 1358 1823 virtutis.
1399 1793 1492 1830 Negat
1524 1793 1598 1822 enim
1634 1801 1750 1823 summo
1773 1793 1852 1823 bono

340 1845 440 1874 afferre
464 1845 669 1874 incrementum
696 1845 782 1877 diem.
829 1847 888 1884 Qui
912 1855 1005 1877 autem
1034 1848 1185 1884 voluptate
1215 1845 1304 1874 vitam
1326 1844 1398 1874 effici
1428 1845 1536 1873 beatam
1560 1844 1692 1880 putabit,
1719 1846 1769 1880 qul
1795 1845 1852 1874 sibi

342 1896 367 1924 is
394 1895 561 1931 conveniet,
585 1897 609 1924 si
634 1897 748 1933 negabit
775 1899 951 1934 voluptatem
975 1907 1103 1928 crescere
1125 1895 1361 1934 longinquitate?
1390 1896 1480 1932 igitur
1510 1903 1545 1924 ne
1569 1895 1696 1924 dolorem
1722 1896 1847 1931 quidem.

345 1947 392 1976 An
421 1947 504 1976 dolor
538 1947 728 1984 longissimus
756 1949 883 1987 quisque
915 1950 1113 1980 miserrimus:
1143 1948 1320 1985 voluptatem
1355 1954 1414 1977 non
1444 1946 1644 1982 optabiliorem
1678 1946 1850 1977 diuturnitas

1810 1998 1854 2028 fa.
