1946 2517
311 137 626 173 COMMENTATLO
646 148 688 171 At>
708 138 1009 179 QUAESTIONEM
1027 137 1368 174 PHILOSOPIHCAM.
1569 145 1613 186 εὖ

88 234 93 237 ·
137 222 289 255 Paululum
315 224 400 253 etiam
424 225 612 253 immoremur
637 223 666 252 in
690 222 867 259 imperativis
891 222 949 252 illis
972 222 1170 259 categoricis,
1194 231 1273 259 quae
1289 223 1442 261 *insignem
1461 225 1558 256 locum
1578 219 1610 258 in

92 275 243 306 -Kantiana
263 275 556 312 Ethica-occupant.
605 274 841 311 Repraesentatio
864 273 1000 310 principii
1026 274 1178 311 enjusdam
1208 275 1369 312 objectivi‚
1391 284 1534 311 quatenus
1554 288 1609 308 vo.

100 327 238 357 luntatem
266 326 363 363 cogit,
384 332 568 362 praeceptum
597 325 716 355 rationis
741 331 882 360 vocatur,
903 326 1105 362 praeceptique
1129 325 1253 355 formula
1274 328 1467 364 imperativus
1487 330 1568 367 (ι).
1606 324 1609 325 ’

91 392 97 398 ·
118 379 249 409 romnes
266 377 429 414 imperativi
456 384 503 406 aut
529 377 704 415 hypothetice
733 376 896 411 imperant,
926 383 975 404 aut
1000 378 1171 413 categoriae.
1214 377 1277 406 luis
1303 379 1459 408 necessitas
1486 381 1612 416 practica

91 431 248 467 cujusdam
273 427 419 464 actionis,
441 436 513 463 quae
537 427 598 456 fieri
621 427 737 463 possit,
758 435 790 455 ut
812 426 1007 462 adjumentum
1036 428 1070 456 ad
1093 428 1241 463 quidpiam
1269 429 1366 464 aliud,
1394 430 1473 465 quod
1499 432 1610 467 appeti-

96 489 187 516 mus,
208 479 422 516 adipiscendum
449 479 518 515 (vei
542 484 618 506 certe
640 479 719 514 quod
748 484 780 506 ut
811 484 978 514 appetamus
1000 479 1061 507 fieri
1084 478 1209 516 possit)
1231 480 1417 516 proponitur.
1459 480 1609 517 Imperati-

94 539 152 562 vus
166 539 236 561 vero
259 530 442 567 categoricus
469 529 494 557 is
521 530 597 565 erit,
619 529 671 565 qui
696 529 836 558 actionem
862 535 894 557 ut
917 538 967 565 per
994 538 1024 558 se
1043 530 1155 565 ipsam,
1176 532 1238 558 sine
1260 537 1393 566 respectu
1417 531 1490 560 alius
1510 525 1609 569 euius-

92 584 157 612 dam
181 582 268 618 finis,
297 587 330 611 ut
355 580 500 618 obiective
525 580 713 609 necessariam
743 581 874 610 ostendat
904 582 983 618 (2).
1033 580 1192 616 Officium,
1222 581 1248 609 si
1278 588 1438 617 conceptus
1468 582 1526 619 sit,
1558 583 1609 618 qui

91 632 152 662 vim
175 637 409 669 potestatemque
430 637 459 660 et
484 639 578 660 veram
604 631 810 667 legislationem
837 632 984 661 actionum
1012 639 1175 662 nostrarum
1203 633 1350 661 continere
1370 633 1487 670 debeat,
1510 633 1606 663 solum

89 683 120 713 in
140 682 316 719 imperativis
341 682 528 720 categoricis,
550 682 633 711 nuno
654 683 740 712 modo
765 682 794 710 in
817 682 1016 718 hypotheticis
1037 684 1180 716 enuntiari
1205 684 1312 720 poterit
1333 684 1416 722 (3).

128 735 308 771 Imperativis
329 735 502 772 categoricis
530 744 591 765 non
619 744 696 772 opus
718 742 763 764 est
788 735 823 764 ad
844 742 876 764 ea
895 735 1038 764 attendere
1058 743 1130 772 quae
1145 733 1243 771 fiunt,
1266 736 1371 771 sedrad
1394 744 1424 765 ea
1449 744 1521 772 quae
1537 735 1608 772 ficri

88 785 191 815 debent
210 787 291 824 (4).

130 836 224 873 Igitur
245 837 359 874 reguiae
390 837 571 874 imperativae
602 845 671 867 nota
697 844 740 867 est
769 839 883 868 debore.
928 837 1082 875 objective
1108 839 1205 868 valent
1227 844 1255 867 et
1279 847 1295 867 a
1323 838 1436 876 legibus
1460 839 1605 876 privatis,

86 894 194 925 utpote
217 889 338 918 decretis
363 886 555 927 subj‘ectivis,
576 899 698 926 prorsus
723 897 792 919 sunt
814 891 940 919 diversae
961 891 1043 927 (5).

89 962 91 967 χ
125 939 202 969 Esse
227 946 321 969 autem
345 941 566 971 enunciationes
593 942 733 978 practicas
761 942 922 978 categorice
946 941 1156 977 praecipientes
1182 949 1231 977 pet·
1261 949 1292 969 se
1315 941 1392 970 haud
1416 947 1517 977 posset
1537 950 1608 978 pro·

88 991 167 1029 bari,
189 993 238 1023 sed
265 993 327 1022 fieri
353 1000 450 1030 potest
471 994 615 1024 abdicatio
639 994 675 1023 ab
702 994 781 1022 omni
811 993 1000 1025 invitamento
1022 993 1052 1022 in
1071 994 1221 1022 voluntate
1242 997 1363 1028 propter
1383 992 1605 1031 officiumr(6).

86 1048 105 1059 ·'
125 1041 211 1074 Dixit
228 1053 316 1081 porro
332 1044 457 1074 Kantius
472 1046 526 1083 (7)
543 1045 687 1074 hominem
706 1052 796 1082 atque
809 1046 930 1074 omnino
949 1053 1091 1081 quamque
1106 1052 1236 1074 naturam
1255 1045 1453 1081 rationemque
1471 1052 1502 1074 ut
1516 1045 1606 1081 finem

85 1101 139 1131 per
160 1103 192 1124 se
210 1095 304 1131 ipsum
320 1096 461 1131 existere,
483 1103 543 1124 non
567 1104 634 1125 vero
656 1097 753 1125 solum
770 1101 804 1124 ut
822 1098 1048 1125 instrumentum
1066 1096 1102 1125 ad
1118 1103 1202 1124 usum
1221 1095 1311 1132 hujus
1332 1095 1448 1125 illiusve
1471 1096 1605 1132 volunta-

86 1145 128 1174 tis
145 1144 349 1182 arbitrarium3
371 1154 468 1175 verum
494 1155 613 1176 necesse
636 1155 698 1176 esse
715 1154 750 1176 ut
771 1148 860 1177 homo
876 1149 906 1177 in
927 1149 1068 1178 universis
1090 1148 1254 1178 actionibus
1272 1155 1345 1183 quae
1364 1154 1513 1184 spectant,
1534 1154 1601 1175 cum

86 1198 232 1227 hominem
257 1198 378 1234 ipsum,
400 1206 460 1227 tum
488 1200 559 1228 aiias
581 1206 699 1229 naturas
722 1200 832 1229 ratione
856 1200 1019 1236 praeditas,
1041 1206 1188 1235 tamquam
1208 1198 1275 1229 finis
1299 1199 1496 1228 consideretur
1518 1197 1600 1235 (8).

81 1259 86 1263 ·
122 1249 311 1287 Quapropter
336 1251 363 1279 si
392 1259 536 1279 summum
567 1251 710 1287 quoddam
738 1252 915 1288 principium
947 1251 1106 1287 practicum
1138 1258 1331 1288 respectuque
1364 1250 1523 1278 voluntatis
1551 1250 1603 1277 hu-

83 1308 205 1336 manae,
227 1301 415 1338 imperativus
443 1305 621 1340 categoricus
648 1312 712 1332 esse
737 1304 856 1337 debeat,
880 1305 935 1332 tale
962 1303 1001 1332 sit
1027 1310 1146 1331 necesse
1164 1310 1230 1336 est,
1252 1302 1332 1336 quod
1352 1309 1386 1329 ex
1413 1307 1604 1337 repraesenta-

82 1353 169 1382 ·'tione
197 1353 277 1389 ejus,
305 1352 385 1387 quod
413 1352 576 1380 necessario
600 1352 708 1387 cuique
733 1360 786 1387 pro
815 1352 872 1382 fine
898 1359 963 1387 est,
991 1352 1153 1390 (quoniam
1186 1352 1255 1381 finis
1285 1360 1335 1388 per
1364 1360 1395 1381 se
1421 1352 1484 1389 ipse
1513 1354 1601 1389 est),

80 1404 259 1443 *principium
282 1402 443 1431 votum-atis
471 1401 647 1439 objectivum
676 1401 798 1439 efficiat3
822 1402 943 1439 proinde
967 1403 1023 1440 legi
1047 1404 1144 1439 possit
1165 1412 1227 1433 esse
1251 1404 1395 1440 practicae
1421 1403 1597 1432 universaii:

80 1457 128 1486 ‘ita
144 1455 219 1484 ratio
245 1454 361 1490 quidem
380 1453 501 1491 hujusce
527 1453 667 1489 principii
691 1453 758 1482 haec
777 1461 839 1483 est:
859 1461 974 1483 natura
992 1457 1128 1492 ratioque
1151 1461 1249 1484 exstat
1266 1462 1301 1484 ut
1320 1454 1390 1491 finis
1408 1462 1464 1493 per
1482 1463 1509 1482 se
1523 1456 1599 1492 ipsa.

85 1507 136 1537 Sic
161 1505 322 1536 necessario
347 1506 458 1543 cogitat
481 1505 569 1534 homo
592 1505 772 1535 existentiam
797 1513 876 1534 suam
898 1513 985 1542 atque
1010 1512 1127 1535 eatenus
1154 1506 1328 1542 principium
1348 1513 1392 1536 est
1412 1505 1599 1542 subjectivum

78 1559 231 1588 actionum
259 1558 456 1587 humanarum.
499 1558 606 1586 Verum
631 1557 674 1585 sic
695 1565 813 1594 quoque
837 1557 946 1594 cogitat
970 1557 1025 1586 alia
1052 1565 1184 1594 quaeque
1208 1566 1307 1588 natura
1329 1559 1459 1594 ratioque
1476 1559 1601 1588 existen·

82 1611 150 1640 tiam
180 1618 279 1645 suam,
301 1616 421 1646 propter
445 1610 558 1638 eandem
585 1610 747 1645 rationem,
770 1619 842 1646 quae
861 1611 896 1639 ad
917 1617 970 1644 ‚me
995 1617 1115 1645 quoque
1137 1610 1232 1640 vaiet:
1256 1618 1323 1647 ergo
1350 1610 1423 1639 iliud
1447 1610 1534 1638 simui
1554 1616 1597 1640 est

79 1661 257 1700 principium
283 1660 475 1697 obsec-tivum,
507 1669 543 1690 ex
569 1670 646 1697 quo,
677 1669 819 1698 tamquam
843 1670 877 1690 ex
899 1661 1007 1689 ratione
1032 1660 1161 1696 practica
1184 1670 1333 1698 suprema,
1363 1669 1477 1690 necesse
1500 1668 1543 1689 est
1564 1667 1596 1689 ut

83 1723 182 1747 omnes
205 1715 367 1746 voluntatis
393 1715 472 1752 leges
499 1714 615 1752 possint
644 1713 774 1744 derivari.
815 1713 910 1750 Igitur
940 1711 1130 1749 imperativus
1150 1713 1296 1748 practicus
1322 1713 1367 1742 hic
1388 1713 1458 1742 erit:

1551 1751 1599 1780 Sic

118 1836 182 1872 (x)
201 1837 269 1864 Met.
284 1843 348 1862 mor.
366 1844 392 1870 p.
408 1837 466 1863 286.
637 1835 700 1870 (α)
721 1836 763 1864 Ib.
781 1843 808 1868 p.
822 1835 872 1868 287
886 1841 911 1860 et
930 1841 990 1868 290.
1161 1831 1227 1867 (3)
1246 1834 1287 1861 Ib.
1308 1841 1334 1866 p.
1354 1840 1412 1866 300.

118 1884 188 1920 (4)
207 1884 274 1911 Met.
291 1891 355 1910 mor.
378 1891 404 1916 p.
420 1890 487 1916 302,
511 1889 570 1916 335.
590 1883 625 1910 cf.
646 1885 748 1910 omnino
769 1886 853 1911 Garve
871 1885 971 1912 Zedek.
992 1893 1019 1918 p.
1036 1885 1095 1917 236.

119 1931 183 1966 (5)
200 1932 268 1958 Crit·
284 1938 329 1959 rat.
345 1939 387 1965 pr.
405 1939 432 1964 p.
443 1932 473 1959 6.
495 1939 519 1957 et
535 1937 595 1958 met.
617 1939 681 1960 mor.
704 1940 731 1966 p.
749 1939 810 1966 334.
997 1930 1064 1966 (6)
1084 1932 1152 1958 Met.
1170 1939 1234 1959 mor.
1251 1939 1277 1962 p.
1294 1931 1353 1961 3080

118 1978 187 2013 (7)
206 1980 244 2006 lb.
266 1986 293 2012 p.
309 1985 370 2010 303.
392 1985 429 2005 cr.
449 1985 494 2005 rur.
509 1986 546 2012 pr.
572 1986 605 2012 p.
619 1980 660 2011 85.
829 1979 896 2014 (8)
916 1981 982 2007 Mer.
999 1987 1062 2005 mor.
1081 1987 1107 2011 p.
1127 1984 1186 2011 304.

911 2023 964 2053 12
