1946 2517
353 103 665 135 COMMENTATIO
685 113 728 134 AD
748 104 1055 143 QUAESTIONEM
1075 105 1415 142 PHILOSOPHICAM.
1592 113 1634 151 69

138 190 308 231 :Debemus
339 196 456 218 summo
480 188 559 217 bono
587 188 697 226 (quod
720 189 843 225 proinde
874 189 957 218 etiam
985 189 1046 219 fieri
1072 198 1161 227 posse
1185 199 1301 220 necesse
1333 194 1401 229 est)
1430 194 1629 229 promovendo

119 249 232 280 operam
261 240 337 269 dare,
378 240 457 276 Ergo
483 239 564 268 etiam
587 238 757 278 postulatur
782 239 931 277 existentia
955 249 1075 277 causae,
1097 250 1169 277 quae
1193 242 1231 270 sit
1254 251 1340 271 causa
1378 243 1524 274 universae
1548 251 1632 275 natu·

119 300 184 329 rae,
215 299 286 328 quae
316 300 330 320 a
358 298 457 320 natura
491 290 603 319 diversa
638 289 696 326 sit,
726 297 855 326 quaeque
886 291 1033 320 contineat
1064 293 1203 321 rationem
1230 293 1449 331 conjunctionis
1475 295 1626 326 felicitatis

117 353 184 374 cum
206 344 379 374 moralitate.
419 344 498 379 Ergo
522 348 665 370 summum
690 341 799 370 bonum
827 343 1026 372 tantummodo
1050 352 1112 373 esse
1135 345 1261 380 poterit,
1284 352 1427 381 quatenus
1451 353 1553 376 natura
1576 356 1626 377 su-

115 405 235 435 prema,
257 403 330 431 quae
357 394 553 423 causalitatem
578 392 679 421 habeat
707 400 774 421 cum
801 393 926 423 consilio
948 395 1048 424 morali
1070 404 1248 433 congruam,
1269 404 1411 428 sumatur.
1454 400 1552 429 Causa
1577 408 1626 428 su·

116 447 214 485 prema
235 453 368 481 naturae,
403 450 545 481 quatenus
573 443 622 472 ad.
638 451 784 473 summum
811 444 922 474 bonurn
943 447 1082 475 sumenda
1104 447 1236 484 videtur,
1269 455 1368 477 natura
1391 456 1454 485 est,
1485 458 1556 486 quae
1582 458 1632 486 per

118 498 340 535 intelligentiam
361 505 394 524 ac
420 496 600 524 voluntatem
626 503 711 524 causa
738 501 782 524 est
802 496 939 533 <proinde
965 498 1082 535 auctor)
1103 504 1220 527 naturae
1242 507 1357 536 rerum,
1379 500 1435 529 hoc
1454 507 1520 537 est,
1541 501 1631 531 Deus.

155 546 238 586 Ergo
266 547 446 585 postulatum
478 545 682 581 possibilitatis
705 549 808 588 summi
834 547 899 575 boni
923 546 1054 576 derivati
1082 549 1207 585 (mundi
1236 551 1362 589 optimi)
1391 551 1479 580 simul
1500 553 1637 589 postula·

118 606 181 630 tum
202 600 256 629 erit
285 597 454 627 existentiae
474 598 578 625 summi
598 598 664 626 bom·
683 599 865 635 originarii,
887 598 1021 628 nimirum
1044 599 1212 629 existentiae
1231 600 1302 630 Dei.

157 651 251 687 Atqui
273 649 360 679 nobis
384 649 415 678 in
438 647 534 677 officio
558 654 602 677 est
627 655 660 677 ut
686 657 830 678 summum
859 651 968 679 bonum
995 659 1240 688 promoveamus,
1264 653 1384 689 proinde
1405 661 1466 683 non
1492 655 1578 683 medo
1597 654 1639 683 li-

116 710 183 740 eet,
203 711 302 733 verum
330 702 413 731 etiam
438 709 489 738 per
516 700 738 736 necessitatem,
762 710 820 737 qua
842 702 1025 739 indigemus,
1054 711 1119 738 eum
1147 702 1241 732 officio
1269 705 1455 741 conjunctam
1482 707 1636 742 cogimur,

118 763 153 784 ut
177 754 399 791 possibilitatem
429 752 553 789 hujusce
581 752 688 780 summi
720 752 790 781 boni
817 761 987 790 sumamus3
1010 755 1088 790 quod
1113 762 1179 783 cum
1202 754 1297 783 solum
1321 756 1417 785 locum
1446 756 1546 785 habeat
1571 757 1635 786 sul>

117 806 285 835 conditione
314 803 480 832 existentiae
504 802 580 838 Dei,
601 804 774 832 sumtionem
801 803 880 832 illius
903 812 969 833 cum
991 805 1086 835 officio
1108 805 1270 836 arctissime
1293 807 1467 846 conjungit,
1486 808 1513 838 i..
1525 817 1552 838 e.
1572 808 1637 837 exi.-

120 857 226 887 stentia
244 855 300 886 Dei
320 855 461 885 moraliter
484 855 646 885 necessario
667 856 805 884 sumenda
828 855 942 884 videtur
962 857 1043 894 (ι),

376 1135 698 1170 CAPUT
804 1137 1378 1173 SECUNDUM.

311 1245 657 1268 OBSERVATIONES
687 1246 730 1268 IN
759 1247 962 1276 QUAEDAM
991 1247 1137 1270 KANTII
1166 1247 1365 1269 DOGMATA
1393 1248 1444 1271 DE

396 1300 724 1330 CONJUNCTIO—NE
753 1301 956 1322 VIRTUTLS
987 1300 1038 1322 ET
1067 1298 1355 1322 FELICITATIS.

115 1392 235 1461 Non·
260 1429 337 1460 opus
362 1423 415 1452 erit
441 1428 468 1450 et
496 1423 544 1451 hie
574 1428 699 1459 repetere
723 1431 768 1452 me
796 1431 855 1453 non
882 1423 1025 1461 iudicium
1053 1423 1127 1452 ferre
1152 1424 1254 1452 audere
1280 1424 1315 1452 de
1340 1422 1444 1453 Kantii
1469 1424 1626 1454 moral-ibus

119 1476 324 1516 dogmatibus:
356 1475 440 1504 liceat
474 1476 674 1504 tantummodo
704 1476 840 1511 quasdam
869 1476 971 1505 addere
998 1474 1215 1504 observationes
1251 1482 1326 1509 quae
1363 1473 1432 1502 mihi
1467 1474 1498 1504 in
1531 1475 1629 1504 Kantii

119 1530 228 1560 Ethica
256 1535 369 1565 operam
392 1526 513 1563 ponenti
539 1526 675 1555 subortae
700 1533 795 1563 sunt-,²
811 1532 898 1563 atque
924 1525 1065 1563 imprimis
1086 1525 1238 1564 doctorum
1261 1525 1386 1554 virorum
1413 1526 1566 1556 sententias
1590 1534 1631 1556 re·

114 1579 201 1610 ferre.

158 1632 198 1661 Et
221 1630 316 1667 primo
339 1629 454 1665 quidem
476 1630 555 1666 quod
579 1629 616 1659 ad
639 1629 811 1658 nnIversnm
825 1635 949 1666 systema
973 1629 1076 1658 attinet
1101 1628 1150 1665 qui
1170 1628 1328 1658 Kantianae
1343 1628 1484 1664 Ethicae,
1505 1628 1628 1665 partium

125 1683 225 1713 studio
255 1690 315 1711 non
347 1688 527 1718 occupatus,
556 1680 689 1716 studuit,
716 1680 784 1715 illi,
812 1686 845 1709 ut
870 1680 940 1709 mihi
966 1680 1100 1715 videtur,
1128 1680 1168 1709 nil
1193 1680 1271 1709 aliud
1299 1680 1425 1709 accidere
1450 1679 1548 1716 potuit
1573 1678 1631 1708 nisi

121 1740 157 1763 nt
189 1733 277 1770 hujus
304 1732 493 1769 systematis,
519 1732 630 1761 etiamsi
663 1732 792 1762 nondum
817 1732 936 1769 penitus
967 1731 1120 1770 perpensi,
1147 1730 1367 1770 pulchritudine
1393 1737 1421 1760 et
1452 1730 1632 1761 sublimitate

121 1789 356 1816 commoveretur·
371 1790 401 1813 et
427 1783 484 1813 fere
503 1784 690 1820 abriperetur.

1555 1830 1639 1861 ‚Kane-

150 1926 187 1962 (ι
206 1927 220 1961 )
238 1927 279 1955 lb,
301 1926 456 1955 126—128.
475 1925 512 1953 cf.
530 1926 585 1953 crit.
606 1932 674 1960 mag.
691 1926 722 1954 Ι.Γ
736 1931 890 1961 174—177.
924 1925 1016 1952 villers
1036 1925 1056 1957 1,
1075 1925 1094 1952 ¹.
1109 1928 1270 1959 394-3996-

910 1974 929 2003 Ι
947 1980 970 2009 3,
