1946 2517
253 192 289 231 4³
597 194 715 232 JANI
756 189 1024 220 RUDOLPHI
1064 199 1146 220 vm
1185 189 1414 221 MAANEN

259 268 360 301 deferri
373 292 384 308 ,
405 272 443 304 ita
464 279 496 303 ut
513 275 610 303 coctio
628 273 777 309 sanguinis
795 274 824 303 in
845 273 895 301 illo
918 273 1025 301 viscere
1041 273 1233 310 adjuvaretur.
1264 265 1336 302 'Alii
1364 273 1463 303 lienem
1492 271 1622 303 dicarunt
1649 275 1765 312 sangui-

259 320 407 359 ficationi‚
429 325 471 353 uti
493 326 629 361 Hamay,
651 332 676 353 et
697 325 829 353 dixerunt
851 325 1016 360 sanguinem
1038 324 1140 352 ibidem
1159 325 1249 360 parari
1266 333 1299 354 ex
1313 333 1402 353 succo
1418 326 1556 361 gastrico.

298 374 379 409 Alii,
398 376 440 403 uti
459 376 577 414 Clopton
598 375 729 410 Havers,
751 375 900 411 synoviam
924 375 952 402 in
971 376 1023 403 hoc
1040 376 1150 403 viscere
1166 374 1270 403 confici
1292 382 1444 410 putarunt.

302 425 376 460 Alii,
397 426 438 453 uti
455 426 583 463 Plim'us,
602 427 756 456 voluerunt
770 427 870 455 lienem
886 426 921 454 ad
936 434 1062 455 venerem
1082 426 1220 462 pertinere
1236 426 1416 462 eundemque
1433 427 1601 463 sanguinem
1619 435 1672 464 pro
1689 427 1768 464 geni-

262 474 370 503 talibus
388 476 492 513 largiri.

298 526 360 553 Alii
374 527 486 562 somni,
508 528 555 557 alii
575 529 650 557 risus
669 529 761 558 sedem
780 529 808 557 in
827 529 899 557 liene
917 535 1076 564 posuerunt
1099 529 1179 565 (a).

301 576 430 606 Fuerunt
448 586 476 608 et
494 580 542 607 alii
563 580 611 615 qui
629 581 684 609 hoc
713 582 811 609 viscus
837 580 955 608 omnino
983 585 1013 607 ut
1038 579 1140 608 inutile
1162 578 1399 614 considerarunt,
1420 588 1486 609 cum
1512 580 1621 616 absque
1641 580 1770 616 periculo

262 627 416 663 aliquando
439 630 565 660 excisum
586 631 645 666 sit,
666 640 716 660 nec
736 631 791 659 nisi
814 631 848 660 ad
864 632 994 666 corporis
1011 631 1211 665 aequilibrium
1235 631 1403 662 servandum
1417 652 1427 666 ,
1454 639 1515 660 esse
1534 632 1724 667 destinatum
1745 639 1774 661 et

264 677 356 706 adhuc
376 680 423 707 alii
440 681 539 709 lienem
559 689 591 710 ut
611 683 761 710 sinistrum
790 683 875 717 hepar
900 682 1090 710 considerant.
1133 682 1179 710 An
1200 682 1377 711 ventriculus
1400 690 1454 710 suo
1473 682 1531 710 situ
1557 691 1658 711 versus
1684 683 1771 712 sinis·

267 733 343 756 trum
361 729 455 766 latus,
478 732 558 760 lienis
578 733 769 761 evolutionem
787 732 1034 767 impediret‘3cet.
1057 732 1137 770 (b).

306 779 411 808 Omnia
428 782 478 810 illa
494 789 657 819 argumenta
673 783 794 812 refutare
809 783 895 811 nimis
913 784 1051 819 longum:
1073 791 1166 817 neque
1182 781 1253 811 illud
1272 784 1306 812 ad
1330 789 1460 812 nostrum
1479 792 1600 820 scopum
1621 784 1689 813 adeo
1712 792 1774 821 per-

264 829 358 859 tinere
378 833 511 870 videtur3
535 834 564 862 id
583 834 694 865 interim
720 841 829 862 certum
844 854 855 869 ,
875 836 954 870 quod
979 835 1069 862 ductu
1092 835 1271 869 excretorio,
1290 835 1359 864 licet
1381 836 1430 864 diu
1452 835 1598 871 quaesitus
1611 856 1622 871 ,
1642 843 1693 864 nec
1710 844 1770 865 nou

264 881 417 917 aliquando
435 884 533 913 adesse
548 885 643 914 dictus
664 886 750 921 (c),
771 893 890 914 omnino
906 886 1064 914 destitutus
1079 885 1117 913 sit
1140 884 1220 920 (d).

304 933 334 968 §-
356 942 386 970 4.
427 935 458 963 In
479 936 705 968 consideratione
722 945 808 966 venae
825 944 971 973 portarum
989 936 1262 971 animadvertimus,
1289 936 1388 965 lienem
1406 937 1513 965 directe
1528 945 1592 965 cum
1617 943 1773 973 systemate

272 984 409 1018 hepatico
426 987 638 1015 communicare
655 996 711 1024 ope
725 988 819 1016 trunci
842 996 928 1017 venae
949 987 1060 1016 lienalis
1083 987 1145 1015 sive
1162 987 1313 1022 splenicae.
1353 987 1456 1015 Omnis
1478 988 1595 1024 sanguis
1619 996 1669 1023 per
1691 988 1774 1016 lienis

269 1035 458 1072 parenchyma
484 1038 648 1074 circulans,
669 1047 721 1075 per
746 1039 824 1068 hunc
846 1045 979 1066 truncum
1008 1037 1103 1072 hepati
1120 1037 1266 1072 adfertur,
1295 1043 1323 1065 et
1345 1038 1446 1066 exinde
1469 1039 1618 1073 probabile
1639 1038 1690 1074 fi't,
1716 1039 1772 1068 hoc

269 1076 399 1120 orgenvn
425 1088 458 1115 ad
483 1079 594 1124 hepatis
623 1089 800 1118 functionem
828 1096 1013 1118 concurrere:
1045 1088 1117 1116 unde
1139 1087 1326 1123 indagandum
1347 1088 1404 1125 jam
1422 1087 1508 1116 nobis
1524 1094 1566 1117 est
1586 1088 1617 1117 in
1633 1097 1772 1125 quantum

268 1135 326 1164 hoc
344 1137 404 1165 fieri
421 1139 512 1168 valere
528 1139 676 1176 videatur,
698 1147 850 1176 postquam
870 1140 1016 1175 sequentia
1039 1139 1301 1168 animadvertimus.

307 1188 338 1223 S.
358 1198 388 1225 5.
431 1190 516 1219 Circa
541 1199 608 1220 vasa
633 1191 720 1228 huJ'us
749 1192 869 1220 visceris
892 1191 1112 1226 annotavimus,
1142 1193 1268 1220 arteriam
1294 1190 1421 1218 licnziiem
1452 1196 1583 1226 respectu
1617 1191 1773 1223 voluminis

267 1236 352 1267 lienis
382 1248 511 1277 magnam
531 1251 615 1279 esse,
647 1243 713 1272 hinc
738 1242 904 1271 incredibile
926 1249 971 1271 est
995 1249 1106 1270 onmem
1130 1243 1241 1278 copiam
1264 1241 1397 1270 contenti
1422 1241 1508 1278 hujus
1532 1243 1698 1279 sanguinis,
1720 1252 1777 1273 nu-

269 1290 384 1319 tritioni
402 1293 519 1322 visceris
536 1294 597 1322 fore
618 1295 784 1323 destinatam
798 1314 808 1329 ,
829 1294 896 1322 dum
925 1294 1100 1323 Autenricth
1119 1293 1238 1329 scribit,
1260 1293 1294 1321 ad
1309 1293 1430 1328 lienem,
1449 1293 1596 1322 volumine
1614 1294 1704 1323 sexies
1723 1295 1776 1324 mi-

268 1347 367 1370 norem
391 1342 509 1380 hepate,
529 1346 622 1373 eadem
641 1345 699 1374 fere
713 1345 861 1381 sanguinis
882 1345 966 1380 copia
990 1344 1106 1372 ducitur
1126 1344 1201 1379 (e).

310 1393 340 1429 §.
362 1394 391 1423 6.
433 1395 526 1424 Etiam
547 1397 672 1424 diximus
691 1396 761 1424 fines
785 1396 899 1424 arteriae
926 1395 1034 1424 lienaIis
1058 1395 1088 1423 in
1111 1394 1236 1430 origines
1264 1402 1397 1423 venarum
1421 1394 1566 1424 lienaiium
1587 1396 1749 1425 continuari
1761 1388 1776 1434 ς’

268 1443 339 1472 haec
357 1445 430 1473 enim
458 1447 559 1483 opinio
581 1453 624 1475 est
642 1446 790 1482 Caldam,
817 1446 936 1475 Halleri
959 1446 1139 1481 aliorumque
1158 1445 1236 1482 (f):
1257 1445 1304 1472 alii
1330 1452 1422 1473 tamen
1447 1446 1475 1473 in
1493 1454 1523 1473 ea
1544 1454 1692 1475 versantur
1715 1448 1779 1483 opi-

270 1496 376 1531 nione,
401 1498 479 1532 quod
503 1498 620 1534 sanguis
645 1499 675 1526 in
694 1497 808 1526 cellulis
831 1503 880 1525 aut
901 1496 1003 1525 areolis
1020 1495 1196 1531 effunditur,
1218 1495 1298 1531 quod
1320 1504 1370 1531 per
1393 1503 1566 1525 momentum
1585 1498 1625 1525 ibi
1643 1504 1778 1535 stagnat,

271 1547 408 1582 quodque
425 1548 460 1576 ab
480 1548 590 1576 ultimis
610 1557 742 1577 vasorum
762 1548 976 1576 absorbentium
999 1547 1108 1575 osculis
1136 1547 1164 1575 in
1193 1554 1278 1575 venas
1307 1545 1421 1575 lienales
1447 1548 1588 1577 deicrtur:
1613 1556 1685 1584 quae
1713 1549 1779 1585 qui-

273 1599 334 1626 dem
354 1599 497 1634 posterior
514 1589 615 1636 opinio
637 1600 722 1628 nobis
740 1600 829 1636 magis
849 1607 932 1635 quam
950 1598 1028 1634 prior
1044 1598 1163 1627 arridet:
1188 1598 1344 1627 secundum
1364 1599 1434 1626 hanc
1454 1599 1528 1626 enim
1544 1599 1646 1628 melius
1661 1601 1780 1637 concipi

271 1658 399 1686 possunt
415 1651 642 1680 modificativnes
658 1651 760 1685 variae,
778 1659 849 1686 quas
864 1650 893 1678 in
911 1651 984 1679 liene
997 1651 1112 1687 sanguis
1133 1650 1225 1685 subit,
1247 1651 1312 1678 dum
1330 1650 1470 1685 denique,
1493 1652 1516 1678 si
1533 1651 1632 1679 lienem
1651 1651 1781 1681 confera-

273 1709 339 1729 mus
354 1709 419 1730 cum
435 1702 498 1731 aliis
520 1703 633 1740 organis
653 1703 779 1740 ejusdem
799 1700 857 1730 fere
875 1708 1056 1737 structurae,
1077 1701 1106 1730 in
1131 1709 1253 1737 quorum
1281 1700 1392 1729 scihcet
1418 1707 1527 1730 textura
1552 1702 1670 1739 sanguis
1691 1702 1784 1732 effun'.

1744 1753 1788 1782 di-

300 1817 354 1847 (ι)
376 1821 413 1843 Cf.
432 1819 610 1846 Diceimmar're,
626 1818 660 1838 des
677 1818 762 1841 Scienc.
778 1818 840 1841 Μαί.
857 1818 878 1840 in
896 1824 954 1839 voce
970 1823 1030 1841 rate,

303 1861 352 1889 (b)
376 1861 414 1883 cf.
432 1860 568 1888 Diillingcr‚
589 1862 611 1882 in
629 1860 702 1881 Mtck.
722 1859 789 1881 Aah,
807 1861 842 1881 VI,
861 1861 885 1880 B.
902 1865 919 1882 ζ.
938 1862 958 1881 Ιι,
977 1862 1037 1881 ¹820.

301 1903 353 1928 (e)
375 1903 411 1924 Cf.
428 1903 452 1924 C,
470 1903 567 1927 l-olieim,
590 1903 663 1929 Ep'st,
681 1901 710 1921 ad
732 1902 756 1924 Τ,
776 1901 854 1922 Barth.
877 1903 903 1924 C.
918 1907 936 1922 Ι.
960 1902 987 1923 Ν.
1000 1901 1037 1923 62.

301 1943 355 1969 (d)
375 1944 411 1965 Cf.
429 1943 571 1967 Rich-erana,
588 1944 623 1964 ΕΙ,
640 1942 706 1968 l'o'ays,
729 1943 755 1964 Τ.
772 1947 788 1964 Ι.
811 1949 832 1970 ρ,
848 1948 898 1969 207.

300 1984 353 2010 (e)
375 1984 412 2005 Cf.
428 1983 581 2009 Amemz'mh,
604 1983 658 2009 Phys
690 1984 716 2005 Τ,
736 1990 756 2006 2.
780 1991 801 2010 p,
820 1983 855 2010 76.
880 1985 900 2011 ξ.
916 1985 966 2007 63v,

302 2024 353 2053 (s,
373 2025 411 2047 cs.
430 2023 539 2052 (aldani,
554 2025 608 2046 [nu.
626 2026 696 2047 Anat.
720 2025 742 2047 Ρ.
758 2031 778 2047 2,
799 2031 822 2052 p.
840 2024 888 2049 156.
918 2025 954 2049 cs.
972 2023 1070 2052 Butler,
1086 2025 1122 2046 ΕΙ.
1140 2024 1203 2051 ι’]ψ.
1221 2025 1249 2048 τ.
1262 2024 1285 2047 6.
1308 2030 1331 2050 p.
1343 2028 1395 2051 ⁴¹7·
1419 2021 1438 2049 §-
1451 2028 1474 2048 a.
