1946 2517
676 128 1086 161 ORATio.
1581 138 1620 171 η

147 223 288 267 quisita,
325 221 400 253 satis
429 228 557 266 aperte,
598 224 632 254 ni
662 222 776 262 fallor,
814 230 860 254 est
893 223 1172 263 demonstratum,
1209 229 1242 256 et
1272 227 1397 268 saepius
1424 228 1616 269 repetitum,

146 290 245 323 quam
283 284 319 310 ut
347 280 382 310 in
415 289 450 310 re
481 280 650 322 perspicua
674 279 884 323 amplioribus
901 281 1097 323 argumentis
1118 286 1221 312 vestra
1237 281 1389 313 audiendi
1412 282 1501 314 abuti
1523 284 1618 315 velim

143 337 305 382 patientia.

189 393 250 425 Sed
277 392 355 424 aliae
379 398 475 430 sunt,
505 403 625 436 eaeque
654 393 792 436 majores
817 394 1093 436 opportunitates,
1126 405 1208 438 quae
1231 394 1315 426 hanc
1340 402 1481 427 nostram
1505 397 1618 429 urbem

145 450 204 482 tali
231 449 447 487 institutioni,
481 448 521 480 de
551 460 614 492 qua
636 449 791 488 dicimus,
816 460 890 493 prae
915 449 984 481 aliis
1007 450 1140 482 reddant
1166 462 1263 493 quam
1292 452 1428 483 maxime
1449 452 1616 492 idoneam,

138 518 288 551 quaeque
317 507 346 538 ei
374 517 448 537 cum
475 505 628 537 omnibus
654 506 828 549 majoribus
855 505 990 537 urbibus
1016 513 1093 538 sunt
1120 518 1320 542 communes.

186 564 268 594 Nam
294 564 328 595 in
356 569 442 593 tanta
471 572 601 602 rerum,
631 574 714 606 quae
739 570 899 606 aguntur,
929 565 1098 602 varietate,
1129 565 1163 595 in
1192 571 1238 596 tot
1263 565 1432 598 hominum
1462 568 1615 609 negotiis,

141 627 174 656 et
204 619 402 651 diversarum
435 621 684 662 occupationum
713 631 893 658 concursu,
929 620 1000 652 fieri
1025 621 1114 653 aliter
1141 633 1209 653 non
1237 629 1357 665 potest,
1391 625 1470 666 quin
1500 625 1618 657 multae

139 676 286 720 quotidie
314 676 459 707 accidant
491 676 683 708 calamitates
712 684 743 708 et
773 681 879 709 omnis
901 679 1025 721 generis
1047 689 1138 709 casus
1166 677 1325 716 luctuosi,
1348 681 1404 722 qui
1429 683 1615 713 nosocomio

137 739 252 765 nostro
287 732 436 775 praebere
465 734 589 776 possint
618 740 665 764 sat
699 745 847 776 magnam
883 735 1008 777 copiam
1041 734 1234 774 hominum,
1269 743 1331 766 tam
1358 738 1491 768 internis
1519 749 1617 780 quam

140 790 282 822 externis
316 788 531 821 laborantium
564 784 673 830 malis,
710 802 849 833 quorum
879 793 934 822 vix
966 791 1100 822 unicum
1135 791 1317 834 exemplum
1346 792 1422 824 alibi
1451 795 1618 826 inveniant

139 848 280 886 tirones,
318 859 374 891 per
409 848 505 879 breve
537 850 689 891 temporis
719 848 879 891 spatium,
916 847 1004 891 quod
1030 847 1131 890 vulgo
1157 848 1245 879 hisce
1264 848 1378 880 studiis
1406 850 1504 880 tribui
1528 851 1617 883 solet.

139 906 248 948 Atque
278 905 321 936 ita
351 904 483 947 quidem
510 916 577 936 non
601 906 685 946 justa
712 904 793 936 foret
816 911 1001 935 exterorum
1027 904 1155 946 querela
1178 911 1273 948 atque
1297 905 1482 948 objectatio,
1509 918 1549 937 ex
1570 914 1618 938 tot

137 960 311 992 hominum
342 961 525 999 curatione,
565 960 688 991 nullam
721 963 878 999 omnino,
916 960 959 991 ad
985 960 1126 992 medicae
1151 963 1331 1004 juventutis
1358 963 1617 1004 institutionem,

134 1016 226 1060 apud
251 1027 312 1047 nos
339 1016 518 1047 redundare
547 1017 727 1049 utilitatem.

181 1075 244 1107 Sed
274 1086 333 1107 nec
362 1075 429 1107 dies
459 1076 596 1116 dicenti,
631 1088 691 1109 nec
719 1083 781 1109 vox
813 1077 1017 1117 sufficerent,
1049 1077 1076 1108 si
1097 1076 1196 1119 hujus
1211 1077 1400 1120 argumenti
1426 1078 1551 1120 copiam
1576 1079 1617 1111 ad

138 1132 293 1164 amussim
323 1132 439 1164 vellem
468 1133 643 1165 enucleare.
708 1137 774 1166 Vos
806 1135 846 1169 A.
872 1136 909 1168 A.
937 1147 994 1174 ea,
1027 1145 1109 1178 quae
1139 1134 1239 1177 digito
1266 1141 1392 1166 tautum
1421 1138 1615 1175 monstravi,

137 1188 179 1221 ad
209 1200 391 1230 summam,
429 1202 570 1234 quaeso,
608 1199 772 1232 revocate,
802 1200 833 1224 et
865 1205 925 1237 pro
953 1192 1136 1223 testimonio
1162 1190 1243 1222 mihi
1269 1190 1383 1230 dicite,
1408 1203 1544 1232 verene,
1573 1203 1615 1224 au

138 1257 252 1286 secus,
281 1248 499 1279 necessitatem
520 1240 710 1292 hujusmodi
729 1251 867 1281 instituti
886 1250 943 1281 hac
961 1250 995 1280 in
1019 1248 1100 1280 urbe
1117 1248 1333 1280 constituendi
1352 1247 1610 1283 adfirmaverim:

180 1305 293 1347 Neque
318 1304 369 1336 his
390 1311 496 1336 tamen
519 1304 641 1337 finibus
665 1307 938 1349 circumscriptam
965 1307 1152 1337 existimetis
1173 1306 1312 1338 Clinicae
1334 1307 1494 1350 ejusmodi
1514 1308 1612 1339 Scho—

137 1360 187 1391 lae
213 1361 395 1393 utilitatem.
452 1363 533 1393 Nam
559 1369 590 1393 et
617 1362 677 1393 alia
702 1363 877 1399 accedunt,
912 1374 970 1394 nec
995 1364 1130 1394 minoris
1157 1374 1193 1394 ea
1224 1364 1401 1402 momenti,
1425 1363 1614 1396 commoda:

135 1415 228 1447 Licet
245 1419 334 1445 enim
359 1418 398 1445 ad
421 1418 608 1445 formandos
635 1419 774 1447 medicos
798 1420 919 1450 rurales
941 1422 1110 1462 praecipue
1133 1420 1372 1451 accommodata
1395 1431 1462 1452 esse
1484 1421 1613 1460 debeat,

137 1471 210 1503 fieri
239 1477 345 1502 tamen
374 1471 464 1502 aliter
493 1472 549 1504 vix
577 1473 714 1515 poterit,
750 1475 850 1517 quin,
886 1477 920 1506 in
947 1482 1033 1507 tauta
1059 1482 1262 1519 aegrotorum
1291 1476 1479 1516 collatione,
1517 1480 1611 1511 multi

134 1529 290 1572 juvenes,
328 1527 447 1560 solidas
481 1529 681 1571 cognitiones
714 1533 866 1574 practicas
899 1543 937 1563 ex
969 1534 1037 1576 ipsa
1070 1539 1174 1576 petere
1204 1532 1367 1574 cupientes
1397 1537 1612 1576 experientia,

139 1591 289 1617 nostrum
321 1585 435 1616 adeant
465 1586 639 1624 clinicum,
670 1587 727 1630 qui
753 1587 848 1619 hodie
874 1589 908 1619 in
939 1596 1102 1620 extraneas
1131 1588 1236 1619 adhuc
1265 1587 1352 1620 abire
1377 1597 1538 1632 coguntur
1566 1603 1614 1623 re-

136 1642 273 1684 giones,
307 1642 366 1673 ubi
395 1641 467 1673 talia
496 1643 709 1674 inveniuntur
739 1645 894 1677 instituta.

179 1699 220 1730 Et
249 1698 328 1741 quid
361 1698 507 1742 pluribus
536 1710 619 1742 opus
647 1707 694 1731 est
722 1700 844 1740 verbis,
878 1701 934 1732 ubi
966 1713 1072 1733 rerum
1101 1703 1280 1735 testimonia
1311 1703 1452 1736 adsunt?
1497 1706 1613 1737 Nonne

137 1756 299 1798 optimum
332 1755 431 1799 hujus
466 1759 510 1788 rei
539 1763 611 1788 ante
640 1757 751 1789 oculos
783 1757 937 1790 habemus
964 1759 1165 1802 exemplum,
1195 1760 1348 1792 clinicum
1378 1761 1458 1793 illud
1487 1763 1613 1794 institu-

138 1818 231 1851 tum,
266 1812 353 1856 quod
379 1813 501 1856 aliquot
529 1813 647 1846 abhinc
673 1815 766 1846 annis
794 1816 826 1845 in
856 1815 1065 1846 commodum
1096 1826 1208 1847 eorum
1235 1816 1404 1848 fundatum
1433 1816 1515 1855 fuit,
1555 1818 1613 1861 qui

138 1870 198 1901 arti
230 1870 428 1902 obstetriciae
448 1881 577 1915 operam
607 1882 722 1904 navare
751 1872 897 1915 cupiunt.
955 1872 1113 1914 Equidem
1147 1883 1221 1904 sane
1254 1880 1428 1916 temperare
1450 1884 1516 1905 nou
1543 1884 1616 1917 pos-

992 1931 1017 1960 C
1521 1940 1612 1968 suni,
