1946 2517
250 158 288 196 56
597 152 714 192 JANI
754 151 1028 182 RUDOLPHI
1065 158 1138 180 vnn
1177 147 1403 179 MAANEN

297 240 439 269 Praeterea
459 236 570 275 Mayer
587 236 681 266 adhuc
693 235 729 264 -in
747 233 872 263 vesicula
890 232 972 261 fellea
992 233 1079 269 hujus
1101 232 1245 261 cadaveris
1268 231 1410 260 valvulam
1426 229 1596 262 >observavit
1614 235 1675 263 vasi
1691 234 1760 265 huie

265 289 526 327 hepatico-cystico
546 288 729 324 adpositam,
752 293 910 322 regressum
934 283 999 312 bilis
1021 292 1070 319 per
1089 283 1159 311 illud
1179 282 1388 318 impedientem.

302 343 332 377 s.
358 348 404 375 15.
448 338 510 368 Alia
526 338 690 366 observatio
707 345 722 365 a
740 336 917 372 Nallingero
934 335 1009 364 facta
1019 342 1054 364 et
1070 336 1300 369 communicata,
1321 342 1388 362 cum
1405 333 1499 371 priore
1513 335 1659 364 convenit.

299 390 353 419 A0.
381 398 451 427 1740
472 388 589 417 cadaver
607 387 755 424 cujusdam
775 387 916 415 foeminae
935 387 1029 414 cultro
1046 387 1207 415 anatomico
1228 385 1404 421 subjiciens,
1425 391 1452 414 et
1468 388 1630 422 praesertim
1655 387 1762 417 viscera

261 447 443 479 perscrutans
468 438 677 474 abdominalia,
709 444 870 472 occupatus
894 437 960 465 dum
982 443 1057 465 esset
1080 437 1109 464 in
1134 436 1290 464 directione
1311 445 1451 465 ramorum
1479 445 1565 465 venae
1592 444 1760 474 portarum,

267 498 496 525 caeterarumque
515 489 636 525 partium
655 488 878 525 perscrutanda,
909 487 1048 523 quosdam
1075 487 1238 516 observavit
1254 487 1379 523 ductus,
1407 487 1492 515 ramis
1511 496 1597 516 venae
1614 495 1762 524 portarum

265 551 318 571 nec
335 550 392 570 non
410 539 489 577 poi-is
504 540 622 569 biliariis
651 539 821 569 dissimiles.
859 538 904 573 l-i,
925 539 992 567 dum
1019 539 1074 575 ipsi
1098 538 1240 575 incogniti
1265 545 1379 574 essent,
1401 548 1415 568 a
1435 538 1577 574 -Buda'eo,
1597 539 1763 568 consiliario

263 593 342 629 regio
358 599 384 620 et
407 592 521 628 Langtsso
551 597 737 627 prosectore,
759 596 792 616 ut
817 589 922 616 ductus
947 589 1197 625 heptatico-cystim
1225 589 1341 618 salutati
1366 597 1445 619 sunt.
1486 591 1590 619 Ortum
1615 591 1764 619 sumebant

262 653 295 673 ex
313 643 382 672 lobo
400 642 509 679 hepatis
533 641 654 677 majori,
679 648 798 669 numero
816 638 944 676 insigni,
965 647 992 668 et
1009 648 1069 675 quo
1087 642 1175 676 magis
1196 641 1230 669 ab
1255 641 1356 676 hepate
1371 641 1570 676 discedebant,
1592 650 1625 670 eo
1647 642 1766 678 majores

266 695 443 729 evadebant3
467 694 539 722 inter
557 700 587 721 se
601 692 778 721 confluentes
794 690 907 720 tandem
928 691 957 720 in
973 691 1048 720 duos
1065 692 1231 720 desinebant
1248 700 1362 727 ramos,
1385 692 1436 727 qui
1453 692 1482 721 in
1495 693 1602 721 collum
1622 693 1766 721 vesiculae

265 746 341 775 fillis
364 744 568 774 inserebantur.

301 797 397 833 Hepar
424 796 576 825 naturalem
609 794 731 823 habebat
751 794 896 829 colorem,
919 793 1143 831 mollitiemque3
1169 802 1227 823 uno
1245 794 1352 830 verbo,
1374 794 1469 823 omnia
1488 795 1563 823 circa
1585 794 1657 823 illud
1679 799 1763 823 natu-

262 848 357 877 raliter
378 854 457 876 erant
481 845 659 875 constituta:
683 845 758 874 dicta
779 853 850 874 ,vasa
878 844 1064 874 continebant
1089 845 1228 881 liquorem
1252 847 1380 881 luteum,
1402 846 1453 875 bili
1473 846 1516 875 sic
1542 845 1634 874 dictae
1658 846 1768 882 hepati·

264 909 331 936 cae,
353 899 475 929 sImilem
497 898 577 935 (a).

303 953 333 988 S.
360 951 404 980 16.
444 949 477 979 In
493 956 594 985 genere
610 954 702 976 tamen
719 948 810 977 dicere
835 957 1015 985 possumus,
1036 949 1102 977 illos
1128 950 1234 978 fluctus
1259 949 1288 978 in
1308 948 1430 977 homine
1456 948 1621 985 regulariter
1641 957 1699 977 non
1720 947 1768 977 ad-

265 1011 347 1032 esse:
369 1002 393 1029 si
412 992 485 1030 enim
512 1000 663 1034 adessent,
693 1008 749 1034 qua
775 1000 809 1027 de
829 1008 914 1028 causa
939 1008 1026 1029 vacua
1053 1009 1163 1035 semper
1190 1007 1264 1028 esset
1290 1001 1405 1035 cystis,
1433 1000 1521 1034 ligato
1544 1006 1594 1027 aut
1615 1000 1769 1028 obstructo

268 1055 358 1082 ductu
371 1050 514 1087 cystim?
534 1058 587 1077 cur
609 1049 690 1078 etiam
709 1058 743 1078 ex
773 1051 890 1078 resectis
915 1051 973 1078 illis
996 1051 1134 1079 ductibus
1159 1059 1217 1079 non
1240 1050 1335 1078 effluit
1361 1050 1447 1083 bilis,
1469 1050 1583 1085 quando
1605 1050 1695 1086 cystis
1710 1055 1772 1078 tota

270 1111 374 1141 quanta
392 1102 426 1131 ab
445 1100 734 1137 hepateseparatur?
758 1101 836 1136 quod
860 1108 916 1130 tam
939 1102 1024 1137 longe
1044 1102 1155 1136 quidem
1185 1101 1286 1136 abest,
1308 1107 1338 1129 ut
1354 1109 1387 1129 ex
1410 1101 1521 1136 cystide
1545 1101 1601 1129 bile
1622 1101 1728 1136 repleta
1744 1105 1774 1128 et

269 1155 422 1191 prudenter
441 1152 475 1181 ab
495 1151 597 1187 hepate
614 1157 759 1188 separata,
778 1160 813 1180 ne
831 1152 946 1188 quidem
973 1153 1085 1189 guttula
1110 1153 1178 1182 bilis
1205 1152 1322 1188 effluat,
1347 1152 1461 1181 etiamsi
1486 1152 1577 1182 valide
1600 1152 1671 1181 satis
1693 1159 1773 1181 com-

269 1207 411 1244 primatur
434 1204 472 1239 (b
484 1204 511 1241 ).

308 1257 415 1286 Verum
435 1256 537 1284 dantur
550 1254 632 1283 etiarn
655 1254 870 1284 observationes
895 1255 1016 1292 cystidis
1037 1254 1155 1292 senene,
1175 1256 1279 1285 nullibi
1300 1264 1365 1284 cum
1390 1256 1490 1293 hepate
1509 1255 1696 1286 cohaerentis.
1735 1255 1777 1284 11·

271 1310 308 1339 lis
328 1309 417 1345 igitur
435 1308 464 1336 in
479 1307 603 1338 casibus,
621 1307 750 1343 putatitii
779 1307 820 1335 illi
839 1307 950 1335 ductus
973 1315 1031 1336 non
1053 1307 1206 1336 adfuerunt
1229 1314 1256 1335 et
1284 1315 1335 1343 per
1361 1307 1442 1335 aliam
1468 1312 1542 1335 certe
1562 1307 1637 1335 viam
1657 1306 1723 1335 bilis
1740 1306 1776 1335 ad

273 1360 412 1397 cystidern
440 1359 522 1386 allata
550 1357 620 1386 fuit.
661 1357 855 1385 Felicissimae
879 1358 990 1386 tandem
1019 1359 1130 1394 hepatis
1159 1359 1294 1393 ceracea,
1324 1358 1413 1387 aliave
1435 1358 1547 1387 materia
1574 1358 1774 1393 impletiones,

272 1412 377 1439 ductus
393 1409 460 1438 illos
477 1416 633 1444 numquam
649 1409 899 1443 demonstrarunt,
919 1416 955 1437 ut
973 1409 1092 1437 dubium
1106 1409 1190 1437 etiam
1209 1408 1293 1437 hodie
1312 1410 1361 1438 vix
1381 1409 1433 1437 ulli
1449 1409 1594 1445 supersit,
1615 1409 1728 1437 eosdem
1745 1408 1776 1437 in

271 1461 387 1491 homine
407 1468 465 1489 non
485 1459 582 1488 adesse
604 1459 681 1497 (c).

314 1515 343 1550 S.
369 1521 414 1548 17.
454 1511 520 1540 Alia
542 1519 631 1545 vero,
658 1519 747 1546 eaque
770 1510 857 1539 hodie
875 1517 988 1540 tantum
1011 1519 1070 1540 non
1097 1510 1232 1539 omnibus
1257 1510 1440 1547 physiologis
1463 1516 1572 1547 recepta
1591 1509 1692 1547 opinio
1713 1515 1777 1546 est,

278 1565 364 1593 bilem
383 1563 521 1600 cysticam
550 1562 834 1599 regurgitationeper
849 1562 968 1591 ducrum
989 1563 1130 1599 cysticum
1146 1563 1180 1591 ad
1197 1563 1338 1599 cystidem
1356 1562 1477 1598 deferri3
1499 1569 1526 1591 et
1547 1571 1579 1592 ex
1594 1570 1674 1592 antea
1690 1562 1777 1592 dictis

279 1618 334 1655 jam
353 1615 465 1644 abunde
484 1620 581 1650 patet,
604 1613 678 1642 hane
694 1621 786 1642 veram
801 1622 865 1642 ,esse
880 1615 953 1642 viam
966 1634 976 1649 ‚
994 1622 1077 1649 quam
1097 1613 1170 1642 latex
1188 1613 1335 1649 hepaticus
1354 1614 1486 1649 sequitur
1505 1613 1586 1651 (d).

306 1668 423 1698 ,Addere
442 1673 618 1701 possumuS,
644 1664 734 1700 ligato
758 1665 847 1692 ductu
872 1665 1003 1701 cystim,
1034 1663 1062 1691 id
1085 1672 1148 1699 est,
1176 1664 1265 1700 ligato
1291 1665 1342 1693 illo
1368 1665 1479 1700 canali,
1503 1666 1553 1700 qui
1573 1673 1606 1693 ex
1623 1665 1724 1700 hepate
1743 1665 1779 1693 ad

273 1709 417 1757 «c'ystidem
440 1716 541 1750 ducit,
563 1724 651 1752 prope
673 1717 733 1753 ejus
753 1717 889 1744 cervicem
903 1737 913 1751 ,
935 1716 1051 1744 eundem
1072 1715 1190 1743 ductum
1214 1715 1403 1744 intumescere
1418 1724 1433 1743 a
1453 1722 1534 1751 parte
1551 1716 1681 1751 hepatis,
1701 1723 1780 1744 novo

279 1769 407 1804 indicio,
428 1768 513 1796 bilem
532 1767 691 1803 cysticam,
721 1775 772 1803 per
798 1767 915 1795 ductum
942 1768 1083 1804 cysticum
1106 1767 1140 1795 ab
1167 1768 1267 1804 hepate
1290 1769 1324 1797 ad
1347 1767 1500 1797 vesiculam
1530 1766 1638 1796 feneam
1662 1767 1779 1801 venire,

1702 1817 1784 1854 quod

306 1881 359 1911 (ι)
381 1882 417 1904 Cf.
432 1880 569 1909 Nallinger,
583 1881 645 1903 Dr'u.
660 1880 686 1901 do
702 1880 762 1903 duce.
778 1881 906 1908 Helm-Cyn.
931 1889 951 1909 p,
964 1887 1066 1910 ¹3-17·

307 1923 340 1951 (b
379 1923 416 1945 Cf.
432 1922 585 1949 Amcmieeh,
600 1922 665 1944 Libr.
681 1923 730 1944 Cir.
753 1923 779 1944 T.
796 1929 816 1944 2·
836 1927 859 1951 ς.
875 1922 927 1949 642.

307 1964 320 1988 (
332 1964 359 1990 ί)
380 1963 414 1985 Cf.
431 1962 476 1982 Van
493 1962 596 1989 Vicum,
610 1962 671 1983 liin,
687 1962 733 1984 cit.
753 1970 766 1989 p
790 1962 827 1988 4⁶·

310 2003 364 2031 (d)
378 2003 415 2026 cf.
431 2002 570 2030 iumagu,
584 2002 645 2026 Diu,
661 2003 707 2026 cit.
722 2009 746 2031 p.
759 2007 796 2025 az.
827 2003 866 2028 cs.
885 2004 995 2033 Barult,
1010 2005 1073 2032 Phys.
1089 2005 1108 2033 ς,
1121 2010 1171 2031 220·

1932 1649 1938 1656 ·
1936 1629 1942 1637 ·
1939 1613 1946 1619 .
1935 1592 1941 1602 a
1930 1505 1946 1577 nat-¹1»
1929 1403 1946 1492 *ons-r
1933 1345 1946 1393 «π»
1934 1299 1946 1327 v:

1931 1892 1934 1895 ·
1933 1847 1946 1875 ἶ-
1917 1801 1938 1838 ψ’
1933 1779 1941 1794 -
1930 1694 1943 1771 <uxr-
