1946 2517
334 138 372 176 35
548 137 587 163 .·
739 135 1084 170 GULIELM1
1141 136 1553 170 DELPRA'P*⁷

333 235 368 256 ca
391 222 644 255 rationem-debet
666 221 772 251 habere
798 227 826 249 ct
849 218 980 248 materiae
1006 223 1035 247 et
1061 218 1188 248 omnium
1202 241 1212 255 ,
1237 228 1308 256 quae
1324 221 1438 250 materia
1467 221 1549 252 sinit.
1588 221 1713 259 Quodsi·
1731 222 1843 258 princi·

332 279 380 316 pia
407 277 582 312 materialia,
609 274 774 313 iucunditas
801 270 932 308 corporis
961 274 1010 298 aut
1035 269 1161 306 mentis,
1189 271 1217 300 in
1244 271 1352 301 Ethica
1385 272 1603 309 admittuntur,
1633 280 1693 303 non
1720 280 1843 303 autono-

333 330 410 366 mia‚
432 330 480 358 sed
505 325 704 357 heteronomia
728 323 840 358 oritur,
863 322 978 351 tollitur
1002 321 1117 350 libertas
1146 321 1294 358 simulque
1325 323 1420 352 omnis
1445 332 1510 353 vera
1531 325 1623 354 virtus
1642 325 1723 363 (1).

369 380 518 410 Formalis
545 383 639 405 autem
667 382 729 404 non
752 372 904 402 materialis
927 378 972 401 est
995 373 1039 401 lex
1066 373 1153 401 modo
1181 374 1352 403 constituta.
1394 374 1464 404 Non
1493 375 1533 404 rei
1554 376 1703 413 cujusdam
1725 384 1844 413 possen-

335 428 450 461 sionem'
470 427 653 466 (empitistni
679 425 850 463 objectum)
880 423 1045 453 felicitatem
1073 432 1106 454 v.
1129 433 1157 453 c.
1186 431 1318 461 spectat:
1345 434 1444 455 verum
1473 426 1515 455 nii
1547 427 1625 455 aliud
1647 428 1844 464 spectatnisi

337 482 428 517 ipsam
453 477 693 509 constitutionem
719 476 792 513 legis
815 475 999 505 universalis.
1039 473 1157 512 Spectat
1183 476 1272 513 igitur
1297 477 1390 506 solam
1418 477 1564 514 formam,
1591 477 1714 514 ideoque
1737 477 1845 508 foi-ma-

329 532 366 560 tis
389 536 432 559 est
451 530 493 565 (α
506 530 531 566 ).
568 537 570 539 >
1728 519 1731 523 '

372 580 419 610 Ex
437 579 659 616 superioribus,
681 587 854 617 quamquam
881 579 1008 608 fortasse
1027 578 1213 617 longioribus
1231 587 1316 615 quam
1335 581 1520 617 propositum
1541 581 1634 619 sinit,
1654 587 1747 610 tamen
1767 581 1842 610 muk-

329 637 359 660 ta
383 632 565 660 deducuntur
587 631 702 660 maximi
727 631 863 660 momenti
886 631 917 660 in
943 631 1102 660 Kantianae
1125 631 1247 660 Scholae
1267 631 1373 660 ethica.

368 682 514 721 Quoniam
532 682 638 719 forma
665 682 786 711 rationis
810 683 953 719 practicae
984 682 1142 711 bonitatem
1174 682 1308 711 moralem
1333 683 1508 719 constituit,
1536 691 1597 713 non
1623 683 1730 713 sufficit
1753 683 1846 713 actio-

329 741 382 763 nes
404 742 470 762 curn
499 734 562 770 lege
584 734 685 763 morali
704 736 878 769 convenire,
908 734 961 762 sed
983 741 1099 762 necesse
1120 732 1203 761 etiam
1228 740 1271 762 est
1301 740 1334 762 ut
1364 734 1455 763 factae
1480 735 1540 764 sint
1561 741 1683 773 propter
1701 735 1777 764 illam
1807 735 1847 764 le-

331 791 414 822 gem:
442 785 513 813 alias
536 785 737 814 convenientia
761 785 809 814 illa
835 785 988 817 admodum
1015 783 1137 813 fortuita
1168 784 1221 812 erit
1249 791 1277 813 et
1300 785 1388 814 dubia
1409 787 1449 823 (3
1464 786 1491 824 ).
1540 786 1588 815 Sic
1612 793 1728 822 quoque
1752 786 1846 815 actio-

337 844 409 871 nes,
432 844 504 871 quae
523 844 557 865 ex
583 835 779 865 misericordia
797 842 824 864 et
841 835 1045 872 compassione
1067 834 1201 864 oriuntur
1225 843 1259 864 ex
1283 835 1383 872 spurio
1408 835 1490 865 fonte
1516 836 1743 873 proficiscuntur
1762 837 1840 875 (4).

327 898 331 904 ·
370 888 547 923 Principium
569 888 659 925 igitur
676 888 845 917 moralitatis
861 888 950 917 situm
972 894 1015 917 est
1036 887 1065 916 in
1089 894 1159 923 pura
1176 891 1203 914 et
1221 886 1283 915 sola
1308 888 1509 916 aestimatione
1530 887 1602 924 legis
1624 888 1745 917 rationis
1762 896 1847 925 prac-

335 940 407 968 ticae
427 939 505 976 (5).
545 940 655 975 Actio,
678 948 752 976 quae
779 939 937 968 secundum
966 947 1025 966 eam
1058 938 1169 974 legem,
1190 937 1325 966 omnibus
1349 938 1511 967 rationibus
1536 945 1572 967 ex
1596 938 1782 968 inclinatione
1797 940 1846 968 de·

326 990 559 1019 'terminantibus
582 991 729 1027 exclusis,
750 990 894 1027 objective
910 991 1047 1029 practica
1068 995 1130 1024 est,
1148 995 1175 1017 et
1193 995 1315 1018 vocatur
1334 989 1451 1027 officium
1477 990 1559 1027 (6).
1599 989 1732 1019 Officium
1753 991 1846 1020 cerni-

341 1047 390 1069 tur
415 1041 444 1070 in
464 1041 633 1070 necessitate
657 1042 818 1079 cuiuspiam
840 1040 962 1070 actionis
982 1047 1099 1076 propter
1123 1039 1349 1069 aestimationem
1376 1040 1448 1076 legis
1470 1041 1550 1078 (7).
1588 1041 1715 1069 Pretium
1738 1041 1848 1071 morale

336 1098 394 1120 non
421 1092 452 1121 in
475 1092 552 1128 fine,
575 1093 626 1127 sed
645 1093 674 1122 in
700 1093 847 1130 principio
870 1091 1030 1121 voluntatis
1051 1091 1126 1119 inest
1150 1090 1230 1128 (8).
1283 1091 1422 1120 Actionis
1447 1098 1565 1128 propter
1589 1091 1714 1121 officium
1738 1091 1849 1120 morale

337 1143 460 1177 pretium
489 1144 564 1172 haud
588 1144 618 1173 in
639 1144 696 1173 fine
716 1144 790 1174 inest
815 1151 987 1180 scopoque,
1009 1150 1094 1179 quem
1119 1143 1220 1171 debeas
1248 1143 1407 1179 consequi,
1430 1151 1530 1172 verum
1553 1144 1583 1172 in
1609 1143 1706 1180 regula
1728 1143 1844 1181 subjec-

333 1191 414 1227 tiva,
434 1200 468 1221 ex
491 1203 546 1228 qua
568 1204 600 1224 ea
616 1197 794 1226 decernitur:
816 1196 938 1232 proinde
952 1195 1119 1232 neutiquam
1138 1194 1241 1231 pendet
1260 1201 1295 1222 ex
1315 1193 1467 1223 existentia
1486 1194 1526 1223 rei
1543 1194 1651 1224 actioni
1674 1193 1841 1232 subjectae,

336 1244 386 1272 sed
409 1244 503 1272 solum
531 1254 566 1274 ex
587 1248 734 1286 principio
754 1247 889 1284 volendi,
920 1255 953 1275 ex
981 1255 1060 1283 quo,
1090 1247 1173 1277 nullo
1200 1245 1300 1275 habito
1324 1252 1457 1282 respectu
1485 1254 1578 1275 rerum
1604 1246 1738 1276 facultati
1759 1254 1846 1284 appe·

328 1293 412 1322 tendi
437 1295 678 1331 propositarum,
699 1299 777 1326 actio
800 1298 878 1327 facta
900 1298 1013 1327 videtur
1035 1298 1113 1335 (9).

373 1344 451 1373 Hinc
476 1352 555 1381 patet
582 1347 704 1376 rationis
736 1347 878 1384 practicae
903 1346 988 1374 finem
1013 1353 1076 1374 esse
1099 1345 1129 1374 in
1155 1345 1360 1374 constituenda
1382 1346 1534 1374 voluntate
1557 1346 1632 1375 bona
1652 1347 1765 1385 (10):
1790 1357 1844 1378 vo·-

332 1394 470 1425 luntatem
490 1397 587 1425 solum
614 1397 724 1427 bonum
748 1406 835 1434 esse,
863 1397 971 1426 bonum
997 1404 1060 1425 esse
1086 1403 1136 1432 per
1160 1404 1190 1425 se
1210 1395 1319 1434 (ιι),
1341 1395 1462 1425 ethicam
1485 1404 1548 1425 esse
1573 1397 1722 1428 scientiam
1746 1399 1843 1437 legum

332 1445 470 1475 libertatis
489 1447 506 1483 (
519 1449 589 1486 12).

1770 1502 1850 1533 Pau·

366 1586 383 1620 (
395 1586 433 1622 1)
454 1589 518 1615 Crit.
535 1592 605 1622 maga
619 1589 641 1617 1.
660 1590 717 1623 156.
888 1589 954 1624 (2)
975 1588 1039 1616 Ibid.
1059 1588 1106 1615 IV.
1126 1593 1182 1620 159.

366 1633 430 1666 (a)
449 1636 523 1662 Kant.
541 1636 620 1668 praef.
640 1637 669 1662 ad
686 1642 748 1663 met.
764 1643 828 1662 mor.
854 1644 880 1668 p.
899 1637 958 1669 258.
981 1636 1019 1662 cs.
1038 1641 1097 1660 nota
1115 1634 1144 1660 ad
1165 1642 1191 1666 p.
1207 1634 1266 1662 286.
1284 1632 1366 1666 ejusd.
1380 1634 1424 1659 vol
1446 1641 1470 1659 e:
1489 1635 1545 1662 crit.
1560 1642 1607 1663 rat.
1624 1643 1663 1669 pr.
1685 1645 1713 1671 p.
1728 1637 1778 1670 68,
1795 1639 1841 1672 78.

363 1677 425 1712 (4)
446 1681 511 1708 Ctit.
527 1688 574 1709 rat.
588 1690 626 1715 pt.
638 1689 691 1715 79,
712 1690 768 1709 120.
787 1682 854 1710 Met.
865 1690 933 1713 ¹tuor.
949 1683 1018 1714 268,
1037 1682 1095 1714 269.
1113 1682 1183 1708 Crit.
1202 1688 1268 1713 mag.
1290 1681 1311 1708 1.
1327 1681 1369 1712 63.
1389 1679 1423 1707 V.
1437 1687 1495 1712 232.

364 1723 424 1758 (5)
442 1726 517 1754 Kant.
532 1735 567 1754 cr.
583 1735 627 1754 rat.
645 1736 685 1761 pr.
706 1729 756 1756 111.
771 1730 820 1762 63,
836 1730 871 1762 69
887 1737 944 1762 sqq.
973 1729 1040 1757 Crit.
1055 1735 1122 1760 mag.
1143 1727 1163 1754 1.
1179 1727 1226 1761 263
1242 1735 1300 1759 sqq.
1328 1727 1362 1753 V.
1378 1733 1439 1759 232.
1465 1727 1531 1754 Met.
1554 1735 1621 1757 mor.
1639 1737 1698 1763 273.
1723 1731 1770 1759 inf.
1794 1739 1839 1759 no.

331 1778 368 1797 tae
383 1780 448 1805 290,
466 1780 532 1806 311,
553 1775 605 1806 316
616 1782 673 1807 sqq.
876 1775 942 1810 (6)
962 1777 1036 1803 Kant.
1053 1783 1094 1802 cr.
1108 1782 1155 1802 rat.
1173 1783 1211 1809 pr.
1237 1775 1288 1802 111.
1304 1776 1347 1808 78.

366 1819 432 1854 (7)
450 1821 489 1848 Id.
501 1827 562 1849 met.
582 1830 646 1849 mor.
668 1823 704 1850 11.
723 1829 783 1856 271.
920 1823 988 1857 (8)
1007 1825 1046 1852 lb.
1142 1832 1148 1837 ·
1216 1821 1282 1856 (9)
1299 1821 1341 1848 Ib-
1357 1821 1393 1849 cf·
1411 1821 1493 1847 Garve
1513 1822 1612 1851 Zedek·
1636 1831 1663 1857 p-
1680 1831 1740 1858 304.

364 1864 446 1899 (10)
465 1869 532 1895 Met.
549 1877 613 1896 mor.
642 1877 668 1902 p.
685 1871 744 1904 267.

366 1910 380 1945 (
395 1913 446 1945 ιι)
465 1912 524 1939 lnit.
542 1920 604 1940 mei.
616 1924 680 1943 mor.
695 1917 794 1949 operae
807 1918 913 1951 pretium
927 1924 964 1944 est
983 1918 1025 1944 hic
1043 1919 1159 1944 consen-e
1183 1924 1262 1943 totum
1285 1916 1345 1942 illud
1368 1916 1467 1942 initium
1485 1916 1519 1942 dc
1538 1917 1687 1948 voluntate;
1712 1923 1842 1946 caeterum

332 1959 369 1986 cs.
389 1959 469 1991 ejusd.
487 1961 540 1987 vol.
559 1969 586 1992 p.
605 1967 653 1994 275
667 1980 674 1992 ,
693 1962 752 1988 28⁶.
938 1964 1021 1999 (ια)
1041 1965 1123 1992 Praes.
1135 1964 1165 1991 ad
1180 1971 1240 1993 met.
1256 1970 1320 1990 mor.
1343 1971 1369 1996 p.
1387 1969 1431 1996 25.
