1946 2517
379 135 695 171 COMMENTATIO
716 141 759 165 AD
779 126 1082 170 QUAES'HONEM
1104 121 1323 154 Pl-iYHCAM.
1580 119 1610 143 11

100 234 198 268 Atque
225 230 281 258 hoc
314 227 433 256 invento
461 231 517 253 tarn
545 221 702 260 perftctum
739 215 858 245 reddidit
884 213 1074 241 barometrum
1106 208 1209 245 pyxide
1250 206 1448 235 instructum,
1480 204 1512 227 ut
1543 202 1612 233 post

102 294 166 314 eum
185 290 267 312 nemo
297 279 501 315 excogitaverit
527 276 670 306 formam,
691 270 726 298 ad
749 265 958 296 observandum
986 264 1015 291 in
1036 263 1102 290 loco
1126 258 1249 295 quodam
1278 261 1355 283 certo
1381 252 1470 288 magis
1499 250 1612 284 adipta-

99 343 175 371 tam;
197 333 270 362 unde
289 338 316 359 et
335 331 419 359 hodie
435 326 570 365 permulti
591 333 624 353 eo
640 327 773 351 utuntur.
813 317 870 345 Sed
892 324 957 344 cum
982 313 1141 343 mercurius
1162 318 1221 339 non
1239 306 1333 344 possit
1353 306 1391 332 ita
1414 303 1444 330 in
1467 309 1497 329 ea
1519 300 1610 327 inciti-

101 388 152 423 di,
174 392 206 413 ut
225 382 383 412 immobilis
411 380 469 414 sit,
490 385 517 406 et
543 379 573 404 in
601 371 753 402 itineribus
776 368 902 398 adhiberi
931 367 1047 403 possit,
1075 363 1188 399 quidam
1216 360 1339 389 fundum
1365 353 1481 391 pyxidis
1505 352 1534 379 in
1554 358 1614 377 sac-

101 446 168 467 cum
195 436 354 465 coriaceum
376 436 543 464 mutarunt,
573 425 662 454 veluti
681 423 818 452 Auierus
840 419 964 452 Perica,
994 417 1157 448 Humerus,
1188 408 1394 448 Englcficaedt'us
1417 404 1510 443 (1),
1543 401 1615 429 Ben-

104 489 295 525 zeutbergam,
316 485 384 519 alii,
406 484 458 518 qui
487 482 564 509 hune
593 484 709 506 saccum
741 481 796 510 ope
819 470 970 504 cochleae,
997 466 1108 496 inferne
1136 462 1235 500 pyxidi
1258 461 1403 498 adjectae,
1432 457 1469 484 ita
1499 459 1615 482 sursum

104 539 291 576 premebant,
321 542 353 564 ut
382 531 542 563 mercurius
567 539 582 558 e
605 527 711 566 pyxide
734 526 764 554 in
793 525 896 554 tubum
926 519 1104 551 adscendens
1129 517 1207 545 hune
1237 520 1332 543 totuin
1365 509 1513 545 impleret:
1544 505 1615 539 alii,

101 592 146 619 uti
167 587 428 624 Lichtenbergius,
458 583 610 621 Voigtius,
638 577 860 611 Humboldtius‚
894 572 1125 608 Gocaekingius‚
1155 567 1326 599 Forttmus,
1365 564 1464 598 ipsum
1496 557 1615 586 fundum

107 641 240 670 mobilem
266 639 415 667 fecerunt:
446 643 519 671 quae
553 641 644 661 tamen
672 630 816 667 posterior
843 626 916 655 ratio
948 624 1044 653 minus
1070 622 1145 650 bona
1167 627 1249 655 quam
1281 616 1360 653 prior
1390 615 1521 647 videti1r3
1561 610 1619 638 uvi

103 695 177 721 enim
208 691 318 720 fundus
345 687 462 717 mobilis
489 685 616 721 undique
642 680 856 712 accuratissime
882 681 1022 712 congruat
1051 673 1208 709 parietibus
1234 669 1373 707 pyxidis,
1393 665 1477 694 facile
1503 669 1612 692 mercu-

105 744 166 773 tius
189 743 264 772 inter
288 741 341 770 has
363 745 392 769 et
417 738 541 768 fundum
563 734 716 765 transitum
741 731 868 761 inveniet
891 735 919 759 et
944 727 1084 758 elabetur.

814 808 845 845 s-
881 798 915 845 ⁴5·

253 895 301 924 De
322 890 487 922 reducenda
506 889 650 918 mercurii
670 888 703 917 in
720 885 827 926 pyxide
846 881 995 922 superficie
1013 879 1057 910 ad
1071 883 1246 910 constantem
1268 873 1470 905 altitudinem.

146 972 222 1002 Cum
255 970 309 999 hae
340 965 673 999 constructione,variis
710 962 804 992 modis
837 966 985 990 tentarunt
1017 957 1192 994 conjungere
1226 958 1406 982 constantem
1436 944 1569 976 mercurii
1595 942 1622 971 in

105 1025 212 1061 pyxide
232 1022 429 1059 superficiem.
481 1017 728 1055 Lichtenbergius
748 1020 775 1042 et
799 1014 962 1051 Volgum,
991 1009 1108 1039 Primii
1134 1007 1282 1034 inventum
1307 1005 1345 1031 ita
1370 1001 1570 1031 retinuerunt,
1591 1002 1623 1022 ut

103 1075 129 1104 si
153 1075 268 1103 cochlea
291 1072 400 1101 tamdiu
422 1071 556 1107 deorsum
581 1074 766 1101 moveretur,
791 1065 882 1093 donec
904 1071 965 1092 non
990 1059 1113 1098 amplius
1135 1049 1292 1092 circumagi
1319 1060 1438 1090 posset,
1467 1048 1626 1078 mercurius

103 1133 139 1154 ex
171 1124 244 1153 tubo
278 1115 459 1150 descendens
484 1120 566 1157 juxta
590 1116 654 1149 eum
684 1125 788 1146 rursus
815 1114 999 1144 adscenderet
1026 1112 1056 1138 in
1079 1099 1187 1145 'pyxide
1219 1111 1270 1143 p'er
1296 1110 1450 1141 angustum
1479 1107 1623 1132 meatuum

105 1182 134 1205 et
161 1174 261 1202 deinde
289 1181 320 1202 se
342 1173 372 1200 in
401 1172 517 1207 planum
545 1170 726 1207 expanderet.
746 1184 784 1192 —-
807 1163 1012 1195 Humboldtius
1032 1166 1060 1189 et
1087 1146 1305 1195 Goedekingiur
1328 1155 1357 1183 in
1391 1154 1477 1182 latere
1510 1148 1626 1187 pyxidis

106 1232 270 1269 aperturam
300 1222 467 1257 faciebant,
488 1229 562 1257 quae
586 1220 758 1249 obturaculo
779 1217 874 1246 claudi
896 1215 1028 1252 'potera13
1052 1212 1168 1248 quando
1194 1206 1347 1238 barometri
1370 1204 1550 1235 altitudinem
1569 1202 1622 1230 ob-

107 1284 220 1306 servare
243 1274 372 1309 vellent,
395 1272 451 1300 hoc
480 1271 686 1300 obturaculum
706 1269 883 1304 ,demebant3
908 1272 978 1295 tunc
1002 1264 1099 1294 omnis
1125 1260 1304 1295 mercurius,
1340 1258 1391 1294 qui
1418 1264 1506 1292 supra
1533 1255 1623 1281 imum

108 1333 256 1375 aperturae
280 1324 388 1354 labium
422 1324 452 1351 in
478 1321 584 1359 pyxide
616 1322 834 1354 adsurrexerat,
862 1316 1001 1346 effluebat
1037 1321 1064 1342 et
1091 1311 1282 1347 colligebatur
1308 1308 1337 1337 in
1362 1314 1474 1335 saccum
1491 1326 1501 1340 ‚
1529 1312 1544 1331 e
1567 1309 1625 1337 quo

107 1380 210 1416 deinde
238 1386 289 1415 per
314 1382 471 1413 aperturam
508 1374 539 1403 in
569 1373 708 1409 operculo
737 1378 838 1400 rursus
861 1369 893 1398 in
920 1367 1055 1405 pyxidem
1078 1362 1297 1393 infundebatur.
1325 1376 1364 1384 -
1390 1357 1509 1387 Plurimi
1533 1360 1628 1383 tamen

105 1431 153 1460 usi
181 1435 250 1459 sunt
281 1427 400 1463 pinnula
437 1425 531 1462 lignea
555 1431 606 1453 aut
641 1424 786 1458 eburnea,
815 1421 876 1449 sive
902 1420 1026 1455 superne
1055 1421 1137 1444 acuta
1162 1419 1189 1441 et
1214 1412 1243 1440 in
1268 1409 1409 1439 mercurio
1433 1413 1564 1436 natante:
1597 1405 1628 1432 in

113 1481 222 1511 talibus
251 1477 421 1507 barometris
446 1476 555 1505 fundus
580 1476 634 1504 vel·
650 1482 753 1503 saccus
783 1472 933 1501 coriaceus
960 1475 1090 1503 eousque
1123 1463 1218 1494 attolli
1243 1462 1349 1497 debet,
1379 1452 1470 1488 donec
1498 1456 1629 1493 superior

115 1530 254 1567 pinnulae
281 1527 369 1565 istius
388 1526 551 1555 extremitas
576 1533 626 1562 pet·
646 1524 776 1553 foramen
807 1523 836 1550 in
862 1520 1001 1557 operculo
1026 1517 1139 1554 pyxidis
1162 1521 1308 1551 emergens
1334 1510 1369 1540 ad
1395 1511 1498 1539 lineam
1527 1515 1626 1543 quam-

113 1584 198 1618 dam,
227 1580 301 1609 tubo
319 1579 509 1616 ‚insculptam
533 1583 609 1613 stet3
643 1577 704 1604 sive
733 1564 806 1603 tubo
834 1572 924 1602 adfixa
951 1569 1020 1608 (uti
1040 1569 1083 1604 P,
1112 1566 1163 1603 fig.
1181 1566 1246 1602 4),
1277 1569 1311 1592 ut
1339 1563 1370 1591 in
1395 1559 1562 1590 barometris
1589 1565 1630 1585 re-

113 1633 290 1663 centissimis
311 1619 580 1666 Benzenbergtanis
601 1635 628 1656 et
651 1628 855 1662 Fortiniams‚-
877 1625 906 1652 in
927 1622 973 1651 his
992 1621 1108 1658 pyxidis
1135 1616 1244 1653 fundus
1273 1623 1387 1645 sursum
1407 1612 1566 1641 movendus
1586 1616 1630 1638 est

109 1685 228 1714 cochlea
250 1682 296 1717 V,
325 1682 415 1710 donec
441 1681 589 1717 pinnulam
614 1684 710 1714 tangat
736 1674 904 1713 superficies
931 1672 1076 1702 mercurii.
1133 1669 1267 1704 Denique
1291 1664 1488 1696 recentissime
1511 1662 1632 1690 Dollon·

115 1735 199 1769 dius,
222 1733 326 1762 artilex
347 1732 484 1769 Augilis,
506 1731 546 1759 ita
573 1730 707 1766 pyxidem
734 1724 923 1760 construxit,
952 1731 985 1753 ut
1006 1723 1124 1753 cochlea
1149 1720 1261 1750 tamdiu
1284 1724 1398 1746 sursum
1425 1722 1473 1743 aut
1494 1714 1629 1743 deorsum

112 1785 253 1815 movenda
278 1790 376 1819 esset,
399 1784 489 1811 donec
517 1790 566 1818 per
588 1781 709 1809 vitreum
736 1777 851 1815 pyxidis
878 1776 955 1804 latus
981 1782 1068 1810 supra
1093 1771 1264 1802 mercurium
1288 1766 1474 1804 perspicienti
1502 1771 1556 1792 tres
1579 1770 1629 1790 an-

114 1836 299 1875 gustissimae
330 1841 479 1872 aperturae
505 1834 536 1863 in
560 1833 702 1875 opposito
729 1829 846 1868 pyxidis
872 1828 957 1856 latere
975 1830 1144 1864 apparerent
1162 1826 1295 1852 accurate
1312 1818 1552 1855 tangentesiliam
1580 1822 1631 1843 su-

112 1890 269 1928 pei-ficiem.

152 1942 183 1970 Si
211 1939 376 1976 quaeritur,
399 1937 469 1973 quid
498 1937 532 1965 de
556 1934 680 1972 singulis
707 1933 752 1962 his
777 1929 1052 1962 constructionibus
1075 1925 1262 1966 judicandum
1285 1923 1344 1952 sit:
1366 1921 1415 1950 illa
1444 1927 1520 1948 certe
1541 1917 1632 1945 llam-

1555 1967 1631 1996 hold-

145 2058 193 2086 (ι)
224 2058 309 2080 citu.
332 2055 394 2077 Anu.
414 2054 477 2077 1811.
499 2053 525 2077 B.
545 2055 579 2081 38.
603 2055 633 2076 st.
648 2059 669 2078 ε.
685 2058 706 2075 s.
720 2056 770 2079 5⁵5.

939 2087 963 2117 B
987 2095 1004 2116 ι
