1946 2517
399 180 716 212 COMMENTATIO
738 190 778 213 AD
799 182 1095 220 QUAESTIONEM
1115 184 1333 214 PHYsicsiM.
1603 195 1619 221 9

109 263 218 294 sionem
240 263 396 300 indicaret,
417 273 531 293 necesse
554 271 598 293 est
622 272 654 292 ut
680 265 769 293 simul
797 272 886 300 quum
910 265 1046 302 impletur
1067 267 1174 302 tubus,
1197 267 1290 296 omnis
1317 267 1361 294 abr
1385 272 1413 294 et
1440 266 1617 303 humiditas,

109 323 170 345 tum
190 317 309 359 quaein
334 316 407 344 tubo
425 323 514 351 sunt,
544 323 605 344 tum
631 324 703 350 quae
727 316 756 344 in
779 317 920 345 mercurio
939 318 1045 352 latent,
1067 321 1265 355 expellantur:
1290 319 1345 346 hoc
1369 318 1400 346 iit
1428 318 1619 347 calefac-endo

107 370 248 398 mercurio
272 368 301 397 in
330 369 419 403 tubo,
440 369 530 397 donec
559 374 689 403 coquat3
714 367 791 402 quod
815 367 853 396 ita
883 367 1011 398 faciunt:
1035 371 1141 406 tubus,
1163 370 1341 400 extremitate
1364 376 1459 405 aperta
1481 370 1615 397 deorsum

100 413 211 455 >versa,
240 420 357 456 oblique
386 419 547 448 collocatur
569 425 656 453 supra
679 418 815 446 carbones
842 419 994 454 ardentes,
1024 427 1056 448 ut
1077 421 1150 449 bene
1170 422 1286 449 arefiat:
1317 427 1376 449 tum
1403 420 1535 455 impletur
1559 428 1616 454 ope

105 470 284 500 infundibuli
312 472 452 500 chartacei
474 476 524 499 aut
547 470 631 498 vitrei
661 470 781 506 paululo
799 471 952 506 mercurii,
974 472 1024 506 qui
1047 473 1204 500 mercurius
1231 472 1337 500 sensim
1364 471 1396 499 ad
1421 479 1485 499 eum
1514 470 1619 499 caloris

105 523 224 559 gradum
242 522 415 558 adducitur,
443 528 475 550 ut
495 521 639 550 ebulliat:
670 527 739 549 tunc
764 529 862 549 omnes
886 523 960 550 ae'ris
982 523 1093 558 globuli
1117 523 1146 550 in
1170 531 1204 550 eo
1223 521 1353 556 occulti,
1375 522 1434 549 sive
1457 521 1618 556 parietibus

104 573 170 601 tubi
192 573 393 609 adhaerentes,
421 573 482 601 sive
512 580 577 600 cum
604 572 670 608 ipso
692 573 832 601 mercurio
863 572 965 607 mixti,
988 573 1142 601 dilatantur
1167 579 1195 601 et
1224 581 1274 609 per
1303 573 1474 601 mercurium
1503 579 1619 599 sursum

104 625 247 654 evadunt:
283 626 323 653 ita
359 624 420 652 aere
446 624 581 652 liberatus
603 623 762 652 mercurius
798 623 979 660 refrigescit;
1013 631 1073 652 tum
1107 633 1208 653 rursus
1239 632 1328 660 aeque
1361 631 1459 659 magna
1488 622 1620 651 mercurii

105 676 251 710 quantitas
277 674 466 709 adfunditur,
495 681 523 702 et
545 675 645 703 iterum
667 675 822 711 coquitur,
853 677 943 704 donec
971 676 1109 710 ebulliat,
1146 682 1232 711 atque
1260 675 1316 704 hoc
1342 675 1431 703 toties
1457 674 1618 710 repetitur,

105 725 194 754 donec
216 727 304 755 tubus
332 725 388 754 fere
408 726 510 762 plenus
535 725 593 754 sit:
623 731 684 754 tum
704 726 817 754 additur
838 733 968 761 tanturn,
998 734 1137 762 quantum
1165 734 1281 761 necesse
1306 732 1371 761 est,
1400 732 1431 753 ut
1458 732 1540 754 totus
1567 725 1619 753 im-

102 777 234 812 pleatur,
257 778 306 805 sed
330 777 392 811 sine
416 776 571 811 coctione,
592 784 628 805 ne
643 777 778 805 dilatatus
803 785 902 806 rursus
929 777 1061 811 excidat,
1090 784 1117 805 et
1138 785 1224 812 super
1246 777 1384 812 imposito
1409 777 1501 813 digito
1527 782 1618 804 extre-

99 827 183 856 mitas
200 835 294 863 aperta
312 828 481 863 invertitur,
503 834 531 856 et
558 827 664 856 sivein
685 835 733 856 vas
749 828 867 864 aliquod
879 847 890 863 ,
912 827 978 857 item
996 828 1136 856 mercurio
1151 828 1308 864 repletum,
1332 828 1530 864 immergitur,
1551 828 1614 855 sive

99 877 256 906 inflectitur
282 878 310 906 in
336 877 455 907 formam
481 878 615 914 siphonis
636 879 714 916 (1).

140 930 196 958 Est
219 930 285 957 haec
312 930 446 959 ebullitio
468 930 601 958 mercurii
621 931 650 958 in
676 930 838 959 barometro
866 930 1037 966 requisitum
1056 938 1176 967 prorsus
1199 938 1259 958 non
1283 929 1492 964 omittendum,
1525 927 1616 963 siqui-

104 982 167 1011 dem
197 978 313 1009 mini'ma
345 980 417 1009 aeris
441 981 599 1017 particula,
628 983 755 1017 quaein
783 982 854 1011 tubo
891 982 1047 1016 remansit,
1076 981 1249 1016 mercurium
1284 980 1419 1016 pluribus
1454 979 1537 1007 lineis
1568 979 1614 1006 de-

99 1032 220 1070 primere
243 1038 370 1068 potest3
401 1038 429 1060 et
462 1039 540 1068 patet
571 1034 798 1068 experimentis,
828 1041 901 1068 quae
929 1033 1185 1069 ingeniosissimus
1213 1031 1260 1059 De
1282 1032 1392 1068 Luc-ius
1420 1029 1548 1058 instituit
1578 1030 1614 1057 ad

99 1085 328 1118 cognoscendam
349 1083 455 1111 caloris
477 1083 536 1110 vim
562 1083 592 1110 in
613 1084 776 1113 mercuriam
793 1085 967 1112 dilatandum
981 1104 992 1118 ,
1020 1092 1050 1113 ea
1075 1084 1254 1117 barometra‚
1276 1083 1305 1111 in
1324 1082 1431 1117 quibus
1459 1089 1517 1109 non
1537 1080 1618 1109 ebui-

98 1133 163 1162 livit
195 1133 375 1168 mercurius,
403 1139 458 1161 tam
486 1133 672 1169 inaequaliter
698 1134 791 1162 calore
817 1134 911 1169 affici,
941 1140 972 1162 ut
1005 1122 1058 1170 pro
1081 1134 1206 1170 singulis
1234 1133 1402 1161 baromctris
1425 1132 1511 1160 variis
1531 1139 1614 1168 regu-

97 1184 135 1213 lis
159 1191 234 1219 opus
255 1184 315 1219 sit,
343 1192 435 1219 quum
462 1190 563 1213 contra
586 1192 636 1220 ea,
663 1192 736 1221 quae
757 1185 927 1214 ebullitione
950 1192 1073 1222 purgata
1094 1191 1183 1221 sunt.
1212 1192 1312 1214 omnes
1341 1183 1456 1213 eandem
1485 1183 1610 1220 regulam.

93 1240 266 1273 sequuntur.

807 1290 834 1327 5.
874 1298 902 1327 4.

676 1364 723 1394 De
742 1365 903 1394 baronum·
915 1364 1034 1402 forma.

130 1440 234 1477 Itaque
258 1441 393 1471 omnibus
421 1441 494 1471 bene
518 1442 719 1478 praeparatis,
750 1443 899 1478 quaeritur
925 1451 1024 1478 nunc,
1057 1450 1127 1478 quae
1154 1448 1217 1469 esse
1239 1439 1338 1469 debeat
1369 1438 1461 1468 forma
1487 1438 1607 1467 inferio—

88 1493 131 1523 ris
154 1494 217 1522 tubi
241 1494 440 1523 extremitatis.
482 1494 579 1529 Atque
608 1493 680 1521 hanc
704 1494 902 1529 quaestionem
921 1501 980 1522 non
1005 1493 1044 1521 ita
1068 1492 1153 1521 facile
1177 1492 1254 1520 solvi
1279 1498 1384 1526 posse,
1408 1496 1439 1518 ut
1458 1490 1531 1519 nihil
1555 1490 1602 1517 de«

92 1545 272 1573 siderandum
297 1544 441 1579 reliquum
467 1544 533 1579 sit,
559 1545 614 1581 jam
634 1545 698 1573 inde
717 1545 787 1572 satis
812 1551 946 1580 apparet,
969 1543 1047 1578 quod
1067 1543 1102 1570 ab
1125 1543 1186 1580 ejus
1211 1543 1400 1576 inventione,
1426 1549 1501 1569 anno
1522 1542 1608 1576 1643.

89 1595 124 1625 P.
146 1595 204 1630 C.,
225 1595 280 1631 jam
311 1595 409 1630 plures
428 1602 512 1630 quam
537 1594 564 1623 L
585 1594 679 1624 variae
695 1594 922 1623 barometrorum
949 1594 1058 1624 formae
1079 1601 1128 1622 aut
1153 1599 1262 1623 tantum
1286 1593 1457 1629 propositae
1479 1591 1607 1626 fuerint.

90 1653 140 1676 aut
157 1647 240 1675 etiam
268 1651 464 1674 constructae.

127 1697 170 1726 Ut
197 1698 388 1726 barometrum
414 1702 513 1733 aptum
541 1696 602 1730 sit,
626 1696 704 1731 quod
724 1696 758 1724 ad
782 1695 952 1727 altitudines
980 1697 1136 1728 metiendas
1161 1696 1351 1732 adhibeatur,
1382 1701 1502 1731 oportet
1531 1694 1603 1722 illud

90 1757 149 1778 non
170 1749 256 1777 modo
282 1755 411 1776 accurate
437 1747 466 1775 in
494 1748 560 1775 loco
584 1755 760 1782 quocunque
779 1748 956 1782 pressionem
982 1749 1125 1784 indicare,
1148 1748 1197 1776 sed
1220 1755 1247 1776 et
1268 1749 1331 1776 sine
1351 1747 1412 1775 ullo
1432 1747 1604 1775 detrimento

88 1799 236 1830 transferri
259 1808 357 1836 posse.
406 1799 558 1835 Propterea
588 1799 625 1826 ita
650 1797 853 1828 constituenda
879 1805 922 1827 est
952 1799 1073 1829 inferior
1102 1799 1167 1828 tubi
1199 1802 1286 1835 pars,
1315 1805 1348 1826 ut
1371 1805 1398 1826 et
1427 1798 1524 1826 clausa
1547 1796 1604 1830 sit,

87 1861 143 1888 ne,
174 1852 439 1888 quomodocunque
464 1857 591 1879 vertatur
619 1850 835 1885 barometrum,
866 1850 960 1880 effluat
990 1851 1174 1887 mercurius,
1204 1857 1232 1878 et
1266 1856 1349 1878 totus
1378 1850 1466 1877 tubus
1497 1846 1608 1884 impleri

89 1904 185 1940 possit
209 1902 371 1936 mercurio,
391 1910 426 1930 ne
451 1901 601 1938 frangatur
625 1901 733 1937 impetu
757 1902 887 1930 mercurii
917 1902 947 1931 in
974 1902 1113 1931 fornicem
1142 1901 1265 1930 ruentis.

126 1953 244 1990 Duplici
280 1953 366 1982 modo
401 1951 563 1982 inferiorem
600 1958 706 1988 partem
739 1951 890 1981 barometri
918 1958 1160 1982 construxeruntz
1197 1951 1260 1981 sive
1286 1950 1472 1989 imponebant
1500 1948 1602 1978 tubum

1522 2019 1525 2021 .
1552 2006 1604 2035 py-

119 2070 173 2100 (ι)
191 2076 282 2097 nior,
305 2069 372 2093 Rrec.
391 2069 461 2091 Elem.
487 2069 515 2094 Τ.
531 2070 549 2093 1.
570 2075 593 2098 p.
610 2069 660 2094 ιε..
