1946 2517
269 176 310 197 22
562 164 604 195 H.
675 165 1050 201 BOSSCILA,
1116 163 1423 209 ORL—ATIO.

273 258 331 289 tibi
361 257 569 289 custrixixisti.
623 259 670 288 Tu
698 259 818 300 optime
842 258 984 300 judicare
1011 265 1117 300 pote5‚
1149 268 1192 289 an
1217 269 1273 296 ea,
1303 270 1383 301 quae
1412 259 1446 290 in
1473 261 1617 291 oratione
1643 270 1660 291 a
1689 271 1740 292 me

275 314 396 358 prolata
428 321 523 351 suut,
565 325 637 345 vere
665 314 747 345 dicta
776 315 857 352 sinu
900 325 1000 358 quum
1035 315 1101 357 ipse
1133 314 1320 347 laetissimos
1352 315 1496 359 quotidie
1524 323 1597 347 ante
1629 317 1740 349 oculos

277 370 392 401 habeas
424 370 565 408 fructus,
604 381 686 412 quos
715 370 875 401 Clinicum
909 370 1128 401 obstetricium
1162 379 1218 402 tuo
1252 371 1351 403 ductu
1387 371 1469 403 tulit.
1531 374 1579 402 Tu
1612 383 1741 415 quoque

276 429 373 470 igitur
408 426 556 468 adjuves,
594 437 729 468 quaeso,
766 433 917 464 conatum,
953 428 979 457 si
1004 428 1060 470 qui
1086 426 1172 469 forte
1191 428 1233 459 ad
1260 429 1460 472 propositum
1488 428 1586 459 finem
1613 428 1746 460 adhibe-

276 489 393 520 antur3
430 489 461 513 et
493 481 648 524 eandem,
681 492 744 524 qua
773 493 824 513 me
851 481 1047 525 discipulum
1079 484 1265 527 complexus
1293 496 1349 527 es,
1381 484 1657 523 benevolentiam,
1695 485 1744 516 in·

275 546 395 582 tegram
420 538 498 569 mihi
521 549 699 570 conserves.

320 642 482 681 Quoniam
497 647 602 671 autem
623 640 739 671 artium
759 639 1065 684 disciplinarumque
1088 641 1184 672 decus
1202 640 1293 673 nullo
1316 641 1412 672 modo
1429 641 1610 684 promoveri
1631 640 1744 674 melius

277 695 398 741 potest,
428 708 524 740 quam
558 697 738 738 conjunctis
761 707 815 727 eus
839 697 1012 728 colentium
1042 697 1175 733 studiis,
1208 708 1265 729 vos
1287 709 1434 741 quoque,
1457 698 1527 728 Viri
1551 697 1741 729 Clarissimi!

275 754 339 797 qua
363 756 498 797 quisque
529 753 747 785 doctrinarum
775 753 867 784 laude
887 752 1084 792 censemini,
1117 764 1168 784 me
1194 753 1227 784 in
1255 754 1409 784 amicitiae
1436 759 1555 784 vestrae
1574 756 1744 785 necessitu.

281 807 388 842 (linem
415 799 573 849 libentes,
606 821 741 853 quae-SO,
765 809 955 843 adsciscatis.
1003 812 1101 840 omni
1130 820 1190 852 ope
1215 811 1416 848 annitamur,
1441 816 1476 840 ut
1504 811 1621 853 nostrjs
1651 820 1746 841 cona-

276 867 361 899 tibus
391 867 523 899 floreant
546 877 669 910 semper
696 866 754 897 hac
777 868 810 897 in
836 866 915 897 urbe
936 866 1039 898 honae
1063 873 1145 897 artes
1171 874 1202 898 et
1228 866 1448 898 doctrinarum
1478 866 1600 898 studia:
1633 877 1747 909 quarn.

275 935 338 966 que
362 923 422 954 sibi
449 925 561 954 merito
587 923 702 954 famam
727 925 922 965 comparavit
947 923 1010 954 hoc
1033 923 1234 957 Athenaeum
1249 946 1258 961 ‚
1289 934 1357 954 eam
1382 934 1448 954 non
1471 922 1568 953 modo
1595 924 1662 953 nOn
1684 923 1744 952 ‘irn-

277 970 455 1018 minutam‚
487 979 542 1010 sed
569 980 668 1022 magis
695 980 858 1022 magisque
880 979 1105 1023 amplificatam
1135 979 1175 1010 ad
1203 986 1346 1022 posteros
1376 979 1637 1010 transmittamus.

322 1037 422 1069 Vobis
453 1036 592 1079 denique
623 1037 785 1069 lectissimi
816 1036 968 1082 Juvenes!
1007 1036 1104 1080 hujus
1134 1029 1298 1069 Athenaei'
1321 1035 1417 1066 decus
1443 1041 1473 1065 et
1499 1029 1744 1064 ornamentum!

278 1094 305 1125 si
336 1094 393 1137 qui
428 1091 568 1133 Vestrum
603 1100 700 1132 sunt,
740 1094 859 1137 quibus
892 1093 931 1125 de
959 1093 1139 1136 chirurgiae
1169 1089 1302 1123 utilitate
1327 1098 1358 1123 et
1383 1090 1537 1133 dignitate
1565 1088 1644 1120 adeo
1672 1080 1744 1131 per-

276 1161 404 1182 suasum
436 1157 501 1188 est,
537 1157 572 1182 ut
602 1151 745 1182 animum
775 1152 932 1194 erigentes
960 1149 1043 1182 ultra
1068 1149 1316 1187 contumeliam,
1357 1158 1423 1192 qua
1447 1149 1624 1178 etiamnum
1649 1144 1747 1176 nimis

277 1207 421 1238 demersa
453 1207 532 1248 jacet
561 1213 668 1238 nostra
701 1217 771 1245 ars,
804 1207 833 1238 ei
866 1209 994 1250 penitus
1021 1217 1089 1238 sese
1111 1205 1226 1237 dedere
1249 1205 1467 1243 decreverint,
1499 1212 1628 1246 operam
1653 1199 1747 1233 vobis

281 1274 408 1303 meam,
449 1273 564 1306 meque
597 1265 702 1307 ipsum
731 1270 834 1295 totum
859 1263 984 1297 addico.
1037 1262 1138 1296 Vobis
1166 1274 1216 1294 me
1240 1262 1372 1299 ducem,
1408 1261 1577 1298 comitem,
1607 1258 1747 1290 amicum

279 1319 398 1358 osser03
437 1331 472 1351 ac
502 1321 564 1352 nisi
589 1317 680 1351 vobis
706 1318 849 1363 studium
873 1327 904 1352 et
932 1319 1075 1352 discendi
1104 1319 1199 1351 ardor
1228 1318 1385 1357 defuerit,
1420 1308 1627 1363 me'quidem
1655 1314 1747 1346 nullo

281 1387 424 1419 unquam
459 1383 601 1417 tempore
634 1376 811 1407 commodis
837 1368 952 1408 vestris
970 1368 1157 1422 defuturum
1189 1376 1351 1419 polliceor.
1404 1375 1500 1417 Agite
1526 1374 1640 1414 igitur,
1671 1367 1748 1403 con·

280 1431 433 1462 cordibus
465 1430 601 1467 animis,
637 1437 667 1461 et
695 1430 818 1461 collatis
847 1433 880 1462 in
907 1441 1009 1462 unum
1041 1431 1163 1462 mutuis
1186 1428 1370 1467 laboribus,
1403 1427 1607 1470 Chirurgiam
1634 1426 1674 1457 ab
1698 1427 1749 1458 in-

279 1489 454 1531 peritorum
490 1494 520 1518 et
553 1487 800 1518 obtrectatorum
831 1487 1001 1518 calumniis
1032 1487 1254 1524 vindicemus,
1293 1493 1324 1517 et
1356 1485 1480 1529 generis
1507 1484 1639 1515 humani
1661 1494 1750 1514 com·

281 1544 410 1583 modis,
449 1552 605 1588 quantum
639 1546 671 1575 in
705 1545 798 1576 nobis
824 1553 889 1582 est,
934 1539 1162 1576 inserviamusss
1211 1545 1257 1574 lta
1286 1543 1399 1581 vobis,
1434 1542 1611 1585 vestrisque
1635 1542 1752 1572 studiis

280 1602 362 1633 adsit
384 1601 547 1645 faveatque
569 1603 697 1633 Numen
720 1613 906 1645 supremum
921 1625 931 1641 ,
964 1613 1003 1633 ex
1027 1602 1137 1632 auimo
1163 1610 1340 1643 precamur.

918 1723 1110 1755 DIXI.
