1946 2517
737 134 1156 178 onaTto.
1631 156 1671 190 15

196 223 306 255 minus
323 232 391 255 esse
409 222 577 263 idoneam;
600 237 696 270 quam
714 229 771 271 qui
789 234 1020 273 comparaverit
1045 247 1119 268 cum
1146 238 1319 280 methodo,
1348 253 1411 286 qua
1444 244 1504 278 hae
1535 247 1569 280 in
1586 249 1666 283 urbe

197 278 279 310 tradi
309 279 412 312 solent
442 280 633 314 theoreticae
656 295 768 316 omnes
797 286 936 319 medicae
961 291 1037 322 artis
1063 292 1245 334 doctrinae;
1269 308 1351 339 quae
1378 300 1507 342 quidem
1534 307 1666 339 Curato.

196 345 270 366 rum
300 342 331 366 et
367 338 609 379 Magistratuum
644 351 719 372 cura
748 352 873 386 semper
901 345 1087 387 hujusmodi
1113 351 1255 384 tironum
1282 357 1460 389 commodis
1485 359 1545 391 suit
1571 362 1668 406 adap-

193 397 257 422 tata
267 403 277 430 3
311 393 341 424 ei
365 393 501 425 dubium
531 406 598 427 esse
622 408 691 439 vix&
711 401 848 441 poterit,
880 403 1007 434 nullum
1035 406 1069 436 in
1097 409 1197 449 patria
1226 417 1334 442 nostra
1358 423 1425 445 esse
1447 414 1574 458 locum,
1606 420 1664 452 ubi

198 447 337 480 docendi
363 451 444 482 ratio
473 451 553 483 adeo
579 455 807 487 convenienter
830 457 870 488 ad
892 459 1036 491 tironum
1059 461 1188 494 illorum
1214 466 1381 500 utilitatem
1407 478 1453 503 est
1477 475 1661 509 constituta.

192 506 232 536 Et
264 516 304 536 ex
334 517 374 537 eo
407 507 472 548 jam
509 508 729 542 firmissimum
758 513 907 546 ducimus
936 525 1179 560 argumentum,
1219 533 1286 565 quo
1313 535 1455 559 caussam
1484 539 1663 574 susceptam

191 560 279 593 haud
303 561 477 594 difficulter
500 564 645 598 obtinere
667 568 763 600 nobis
783 580 877 612 posse
900 571 1057 607 videmur.

233 621 430 659 Percurrite,
469 633 605 665 quaeso,
644 626 746 658 varias
782 638 891 659 earum
927 629 1169 674 disciplinarum
1204 643 1333 679 putea,
1368 642 1489 684 quibus
1513 645 1553 677 ad
1583 647 1660 680 alias

191 675 319 708 altiores
351 678 402 709 via
436 680 601 719 munitur3
638 683 901 726 contemplamini
934 698 1062 720 omnem
1087 692 1264 726 medicinae
1291 697 1539 739 supellectilemz
1571 704 1659 736 vide-

189 731 283 772 bitis,
316 734 398 765 nihil
418 735 560 778 profecto
584 737 828 772 desiderandum
852 749 986 782 restare,
1013 745 1075 777 nisi
1099 746 1245 780 clinicam
1270 751 1515 790 institutionem.

231 790 383 822 Primaria
409 793 497 823 enim
527 800 559 825 et
583 797 731 827 omnium
761 799 900 830 maxime
933 805 1107 835 necessaria
1141 808 1302 849 cognitio,
1340 821 1358 841 a
1389 823 1452 854 qua
1472 822 1502 845 et
1528 817 1654 851 Medico

187 851 220 878 et
244 845 406 890 Chirurgo
433 850 652 892 incipiendum
675 859 741 890 est,
772 856 855 885 circa
884 855 985 897 ipsius
1004 861 1148 902 corporis
1170 861 1303 895 humani
1328 873 1472 900 naturam
1498 879 1530 903 et
1558 873 1654 906 fabri-

185 913 273 942 cam,
301 905 506 947 partiumque
534 907 681 939 omnium
707 916 838 942 mutuos
862 911 945 944 inter
970 924 1004 945 se
1028 926 1151 956 nexus,
1180 928 1341 955 versatur:
1372 926 1457 958 unde
1482 929 1514 959 in
1539 932 1653 966 Schola

184 959 375 990 Anatomica
402 960 532 993 initium
560 964 637 994 artis
665 975 740 996 suae
765 966 899 1000 ducunt.
958 969 1126 1004 1bi·firma
1152 984 1319 1017 ponuntur
1346 991 1382 1012 ac
1410 984 1511 1016 solida
1541 987 1654 1021 funda·

184 1021 310 1054 menta,
348 1016 468 1058 quibus
491 1026 660 1061 sequentes
686 1032 799 1054 omnes
826 1028 1004 1066 superstrui
1029 1028 1147 1062 debent
1173 1035 1382 1075 cognitiones.
1411 1058 1456 1067 —
1491 1044 1557 1075 Nisi
1580 1057 1651 1078 cor.

184 1070 272 1112 poris
303 1070 437 1102 humani
465 1079 658 1106 structuram
687 1076 829 1120 legitime
858 1083 1019 1125 cognitam
1048 1085 1162 1119 habeat
1188 1089 1347 1132 medicus,
1386 1105 1445 1127 nec
1470 1098 1510 1130 de
1535 1101 1651 1135 abnor-

183 1125 291 1158 mibus
314 1127 385 1170 ejus
415 1130 595 1162 actionibus
630 1143 704 1165 vere
734 1135 896 1176 judicare,
929 1150 988 1171 nec
1013 1142 1073 1174 rite
1101 1154 1152 1176 eas
1167 1144 1363 1190 distinguere
1389 1157 1527 1196 poterin,
1560 1160 1651 1204 inpe-

181 1182 350 1223 dimenta,
389 1196 472 1228 quae
506 1190 665 1220 sanationi
704 1191 853 1233 obstant,
892 1195 1056 1230 dimovere
1087 1211 1155 1232 non
1183 1202 1320 1245 valebit;
1351 1214 1406 1247 et,
1437 1213 1525 1255 quod
1554 1226 1650 1261 caput

180 1246 229 1271 est
265 1241 363 1272 totius
396 1242 590 1283 Medicinae,
628 1247 711 1279 vires
741 1257 892 1291 naturae,
927 1265 1052 1299 semper
1084 1259 1125 1290 ad
1160 1263 1211 1294 sui
1240 1270 1515 1304 conservationem
1544 1277 1649 1311 niten-

180 1302 247 1335 tes,
282 1304 460 1330 sustentare
489 1307 544 1332 aut
574 1302 614 1333 ad
644 1306 810 1338 sanitatem
842 1309 978 1354 dirigere
1001 1313 1118 1348 frustra
1145 1319 1325 1355 conabitur.
1385 1328 1467 1359 Hinc
1492 1335 1649 1367 continuo

178 1353 242 1384 sub
273 1354 375 1385 oculis
404 1355 516 1387 habeat
545 1369 672 1392 necesse
699 1369 766 1401 est,
798 1367 956 1410 principia
981 1377 1052 1401 tum
1078 1378 1274 1416 mammea,
1310 1385 1378 1411 tum
1405 1384 1644 1432 physiologica,

178 1418 261 1451 quae
285 1411 431 1451 quotidie
455 1413 561 1454 ipsum
586 1415 799 1458 admoneant,
832 1423 897 1453 vim
925 1425 1080 1457 medicam
1110 1429 1192 1461 nulli
1220 1436 1404 1470 mortalium
1431 1441 1501 1474 data

1505 1455 1557 1484 m,
1611 1460 1645 1480 eo

177 1475 236 1497 nes
272 1466 373 1509 ipsam
405 1477 473 1498 esse
504 1475 671 1511 naturam3
710 1485 823 1506 verum
853 1478 914 1509 sibi
938 1482 1032 1513 unice
1057 1484 1090 1515 id
1118 1488 1277 1529 agendum
1302 1503 1390 1533 esse,
1587 1460 1609 1491 p

1422 1505 1458 1529 Ut
1480 1510 1643 1538 succurrat

176 1528 330 1561 naturae,
371 1522 428 1554 ubi
463 1526 609 1569 propriae
642 1529 784 1571 ejusdem
820 1534 904 1567 vires
940 1537 1118 1582 haesitant,
1154 1552 1209 1577 aut
1240 1555 1433 1585 contrariam
1460 1566 1641 1601 sequuntur

176 1589 337 1610 normam.

217 1635 305 1667 Cedo
332 1637 420 1678 jam,
451 1639 490 1672 A.
515 1641 558 1673 A.
585 1641 716 1676 ubinam
742 1647 777 1678 in
803 1646 886 1681 hanc
911 1651 1097 1696 disciplinae
1126 1658 1267 1692 medicae
1290 1671 1413 1706 partem
1438 1668 1531 1702 latior
1553 1682 1640 1717 patet

174 1701 328 1735 campus,
362 1705 459 1736 quam
490 1698 546 1728 hac
571 1699 605 1729 in
628 1700 727 1741 urbe3
757 1704 812 1736 ubi
839 1706 978 1741 alumnis
1004 1721 1128 1756 semper
1153 1716 1192 1747 ad
1220 1728 1351 1752 manum
1377 1729 1424 1754 est
1448 1733 1495 1758 sat
1521 1739 1638 1773 magna

171 1746 361 1778 cadaverum
393 1751 501 1793 copia,
540 1764 622 1796 quae
656 1758 795 1800 amplam
829 1761 891 1794 illis
924 1766 1076 1807 praebent
1104 1774 1324 1814 occasionem,
1361 1782 1516 1815 sectiones
1541 1788 1634 1819 insti·

173 1803 285 1834 tuendi
321 1808 530 1847 anatomicas3
571 1815 715 1855 corporis
750 1816 882 1851 humani
919 1823 1030 1857 intima
1061 1829 1272 1870 perlustrandi
1299 1839 1492 1878 penetralia,
1523 1850 1553 1873 et
1577 1845 1636 1876 ab·

170 1859 326 1892 ditissima
359 1869 489 1895 naturae
526 1871 743 1909 perscrutandi
774 1883 912 1918 secreta,
955 1885 1081 1925 propria
1112 1886 1319 1930 inquisitione
1343 1899 1439 1936 atque
1465 1899 1635 1942 investiga-

171 1916 269 1949 tione.
321 1918 483 1952 Habemus
512 1923 644 1967 insuper
674 1928 846 1963 Theatrum
877 1937 1105 1972 Auatomicum
1133 1945 1211 1976 satis
1234 1954 1364 1990 aptum,
1400 1952 1455 1984 ubi
1481 1953 1634 1990 lectiones

1567 2023 1639 2045 Ver-
