1946 2517
300 179 355 233 34²
719 182 1344 231 J.CLA·RlssE‚

302 270 409 312 veluti
427 280 592 323 praeludio
610 285 641 312 et
665 280 847 312 velitatione
871 278 1053 321 conjectura
1069 270 1138 320 capi
1157 271 1242 310 haud
1260 278 1351 310 fallax
1367 270 1513 321 poterat,
1537 276 1677 324 quantus
1702 282 1760 316 vii*

302 337 476 380 aliquando
503 343 583 368 esset
603 337 741 369 futurus.
787 339 861 376 Quo
889 346 965 367 vero
988 345 1075 378 spem
1099 334 1137 366 de
1161 345 1195 366 se
1215 341 1392 376 susceptam
1413 336 1520 367 minus
1545 336 1670 377 fefellit,
1692 351 1760 382 quo

302 405 372 426 eam
400 395 500 438 magis
522 394 696 436 superavit,
725 404 764 424 eo
796 392 957 434 ingentius
988 392 1038 422 sui
1065 391 1194 434 reliquit
1223 391 1435 430 desiderium3
1457 403 1495 424 eo
1523 394 1760 435 vehementius,

302 457 339 482 ut
373 460 583 482 successorem
617 454 830 491 consequatur
860 449 911 478 sui
943 457 1011 478 non
1041 443 1243 486 dissimilem,
1275 454 1443 490 optamus:
1476 460 1516 480 eo
1543 442 1771 483 confidentius‘

303 517 415 538 omues
439 508 594 542 JuveneS,
626 505 660 536 in
678 503 819 536 studium
842 503 1114 546 Jurisprudentiae
1134 503 1374 540 incumbentes,
1399 510 1435 535 ut
1459 504 1550 536 illum
1564 529 1573 543 ‚
1611 506 1713 537 talem
1730 517 1779 538 ac·

302 568 433 594 tantum
458 560 591 600 Virum,
614 561 732 593 imitari
759 559 921 598 studeant,
941 561 1078 603 'eJusque
1105 554 1252 603 exemplo
1281 560 1314 590 in
1338 560 1562 604 philosopham
1589 563 1706 605 pariter
1728 557 1775 594 ac¹³

303 619 485 650 historicam
518 619 602 649 Juris
628 623 660 649 et
687 619 808 660 Legum
833 616 996 649 scientiam
1025 617 1168 658 gnaviter
1194 615 1403 656 incumbant,
1436 627 1622 656 monemus,
1655 618 1779 650 horta-²

302 681 395 715 mur,
417 674 606 718 flagitamus.

351 790 412 822 Sed
426 789 547 821 dudum
561 792 627 822 Vos
640 800 657 820 a
674 799 725 820 me
741 788 882 831 flagitare
901 788 1070 824 videmini,
1096 789 1131 821 A.
1149 790 1236 823 A.,H.
1253 791 1290 821 Η.
1304 811 1312 826 ,
1332 787 1458 820 dicendi
1471 788 1568 820 finem
1586 795 1622 820 ut
1635 789 1764 821 tandem

304 844 477 890 aliquando
515 846 650 884 faciam3
683 852 777 887 atque
801 847 915 877 Vestro
938 845 1015 876 huic
1043 844 1198 876 desiderio
1227 848 1253 876 is
1286 855 1346 887 ego
1374 856 1440 875 non
1473 855 1561 883 sum,
1591 846 1647 888 qui
1676 842 1780 877 satis-²

302 902 402 934 facere
431 913 581 934 recusem.
630 902 779 944 Superest
806 907 911 932 tamen
941 910 1044 932 unum
1072 899 1196 939 adhuc,
1219 899 1258 931 de
1290 911 1356 942 quo
1394 899 1539 942 pluribus
1569 901 1704 931 omnino
1729 907 1762 933 et

303 958 451 990 subtilius
484 964 563 989 esset
589 957 833 1001 exponendum,
866 958 927 988 nisi
951 968 1096 995 vererer,
1128 967 1168 987 ne
1198 955 1390 986 instituenda
1418 955 1619 998 diligentiore
1643 956 1682 988 de
1710 967 1766 998 re,

300 1021 397 1057 quam
429 1014 605 1046 multorum
641 1024 762 1045 errores
796 1012 882 1044 haud
913 1023 1026 1056 parum
1056 1011 1238 1055 impeditam
1274 1011 1481 1043 reddiderunt
1507 1018 1537 1042 et
1566 1012 1763 1052 intricatam,

301 1068 536 1112 disputatione,
559 1069 726 1101 nonnullis
749 1069 900 1100 molestus
925 1067 1054 1108 fierem,
1077 1074 1108 1098 et
1125 1067 1294 1110 temporis,
1318 1067 1358 1098 ad
1375 1067 1546 1098 dicendum
1572 1067 1666 1099 nobis
1683 1079 1760 1099 con·

303 1126 398 1162 cessi,
430 1125 518 1168 quod
550 1136 649 1168 paene
678 1123 821 1161 effluxit,
851 1124 1016 1166 angustiae
1045 1121 1209 1153 brevitatis
1241 1121 1383 1152 studium
1411 1132 1614 1164 summopere
1644 1122 1763 1156 dicenti

306 1182 576 1215 commendarent.
621 1183 732 1225 ltaque
756 1180 890 1213 verbulo
917 1185 1039 1210 tantum
1065 1178 1104 1209 de
1133 1176 1324 1220 leologia,
1347 1178 1380 1207 in
1408 1179 1600 1218 praesentia,
1631 1188 1764 1210 monere

302 1240 382 1271 mihi
406 1239 520 1278 liceat,
551 1250 617 1270 non
645 1238 737 1269 aliam
765 1237 834 1279 ejus
860 1246 947 1273 esse,
970 1245 1066 1277 quam
1097 1233 1291 1276 reliquarum
1319 1232 1577 1275 disciplinarum,
1605 1233 1765 1266 conditius

272 1336 275 1338 .
304 1306 389 1327 nem.
436 1295 581 1327 Eruditio
614 1296 766 1326 nimirum
794 1293 984 1336 Theologica
1011 1291 1125 1333 partim
1153 1289 1299 1321 historica
1323 1295 1393 1326 est,
1417 1291 1532 1331 partim
1560 1289 1760 1332 philosopha.

304 1352 339 1383 In
363 1358 519 1394 quantum
545 1351 585 1382 ad
609 1361 677 1382 eam
701 1352 858 1381 Historiae
881 1348 1131 1383 Ecclesiastccae‚
1155 1345 1314 1377 Historiae
1338 1344 1540 1386 dogmatum,
1564 1343 1764 1387 Plzc'lologt'ae

305 1409 439 1446 Sacrae,
465 1408 592 1440 critices
616 1414 647 1438 et
668 1405 926 1438 Hermeneutices
952 1405 1090 1448 pertinet
1117 1402 1278 1440 studium,
1311 1411 1422 1433 omnes
1448 1412 1517 1432 eam
1547 1411 1586 1432 ex
1611 1400 1764 1432 historico

304 1475 370 1496 esse
393 1475 519 1507 genere,
547 1475 634 1495 nunc
655 1463 803 1506 quidem,
828 1470 898 1506 post
922 1460 1018 1504 supra
1041 1461 1146 1497 dicta,
1170 1458 1255 1489 ultro
1276 1458 1414 1489 fassuros
1439 1467 1507 1488 esse
1532 1463 1620 1499 puto.
1649 1455 1709 1487 Sed
1732 1462 1765 1488 et

307 1520 366 1551 alia
401 1522 496 1552 etiam
537 1522 660 1552 ratione
692 1519 873 1550 historicam
911 1527 978 1549 esse
1007 1516 1076 1558 ejus
1107 1515 1324 1557 cognitionem
1359 1513 1479 1555 aliqui,
1519 1513 1553 1542 in
1585 1511 1764 1543 Rationali-

305 1588 429 1615 smum,
451 1587 545 1620 quem
570 1582 704 1613 vocant,
729 1575 893 1606 Deismum
916 1572 1030 1604 melius
1051 1571 1101 1602 vel
1119 1569 1370 1604 Naturalismam
1393 1569 1554 1606 dicerent,
1576 1569 1762 1611 pronioreS,

308 1632 442 1663 docendi
475 1638 560 1664 sunt.
612 1631 754 1672 Scilicet,
781 1630 1050 1674 quorumcunque
1078 1627 1191 1658 notitia
1225 1625 1358 1656 debetur
1390 1623 1592 1655 Revelationi
1616 1623 1764 1661 divinae,

305 1695 427 1731 practer
451 1687 578 1719 solitum
614 1697 719 1718 rerum
743 1686 888 1718 ordinem
917 1683 1104 1716 hominibus
1129 1691 1313 1718 concessae,
1338 1690 1393 1718 ea,
1423 1680 1576 1722 quoniam
1607 1678 1670 1710 fide
1698 1685 1767 1710 tan-

305 1751 394 1783 tum,
424 1744 562 1776 oraculis
590 1745 647 1775 Dei
670 1750 701 1774 et
725 1744 902 1775 auctoritati
928 1740 1053 1779 habita,
1087 1738 1328 1781 intelliguntur,
1362 1735 1514 1766 hactenus
1548 1745 1597 1766 res
1625 1741 1702 1766 sunt
1731 1735 1766 1766 iu

306 1800 388 1832 facto
413 1801 549 1844 positae3
573 1809 676 1842 neque
700 1799 741 1830 ab
770 1799 911 1830 humana
933 1797 1172 1829 ratiocinatione
1201 1793 1335 1839 pendet,
1365 1798 1420 1823 aut
1445 1789 1581 1834 pendere
1606 1790 1685 1822 adeo
1709 1802 1766 1833 po·

310 1863 387 1893 test,
417 1859 628 1901 persuasionis
651 1856 690 1888 de
721 1867 833 1888 eorum
855 1856 985 1887 veritate
1011 1853 1158 1885 firmitas.
1201 1851 1354 1892 Quisquis
1383 1848 1497 1890 igitur,
1529 1847 1569 1878 ad
1594 1853 1764 1889 augustum

311 1913 462 1955 Theologt
484 1924 599 1950 nornen
626 1913 808 1955 adspirans,
838 1910 887 1942 vel
917 1913 1023 1941 minus
1049 1909 1216 1951 diligenter
1244 1912 1385 1937 versatur
1412 1905 1445 1935 in
1471 1904 1558 1935 Sacri
1581 1904 1766 1947 interpreta-

306 1971 393 2001 tion:
421 1969 566 2008 Codicis,
591 1970 640 2001 vel
672 1970 833 2001 societatis
854 1967 1055 2001 Christianae
1081 1972 1112 1997 et
1137 1963 1326 2006 opinionum
1355 1960 1505 1997 historia,
1531 1959 1580 1991 vel
1610 1959 1688 1990 adeo
1712 1961 1765 1989 Pa-

1729 2022 1771 2045 te·
