1946 2517
426 158 740 191 COMMENTATIO
761 168 796 190 ΙΝ
825 159 1127 198 QUAESTIONEM
1154 161 1358 194 MEDICAM.
1612 165 1668 199 59-7

145 244 221 274 situs
238 244 349 281 hepatis
367 244 470 281 pariter
486 251 632 279 mutatur,
654 243 694 272 ita
712 249 745 271 ut
761 242 817 279 ipsi
835 242 956 272 adnexae
971 244 1112 272 vesiculae
1129 245 1227 274 felleae
1244 245 1374 280 fundus,
1396 252 1475 274 antea
1493 244 1656 274 dimissiori

142 296 211 325 ioco
229 297 343 332 positus
356 317 366 331 ,
377 297 500 324 elevetur
517 302 542 324 et
557 295 621 325 bilis
635 292 911 332 nunc'mechanice,
931 298 961 326 id
980 304 1024 326 est
1039 299 1155 334 propria
1172 308 1224 328 sua
1243 299 1401 336 gravitate,
1414 307 1513 328 versus
1532 300 1651 330 ductum

144 347 288 384 cysticum
310 348 441 376 decurrat
465 355 491 376 et
511 355 560 382 per
580 347 698 376 eundem
720 346 755 374 ad
776 346 938 376 duodenum
960 349 1028 377 fluat
1051 351 1093 387 (a
1102 351 1129 387 ).

181 400 210 435 §.
231 400 278 427 28.
301 398 465 434 Respiratio
477 407 542 430 curn
561 398 653 433 ipsius
668 397 798 434 sequelis
807 419 817 433 ,
835 398 941 434 quibus
961 398 993 426 fit
1009 405 1040 427 ut
1057 400 1171 429 altemis
1189 401 1322 437 vicibus,
1341 400 1531 429 abdominalia
1543 401 1650 430 viscera

143 450 260 485 omnia,
280 451 410 485 adeoque
426 450 512 485 hep'ar
531 449 611 476 etiam
631 455 697 476 cum
711 447 798 476 fellea
817 449 965 483 vesicula,
986 449 1088 478 leniter
1113 437 1359 486 comprimantu'r‚
1389 453 1527 480 recenseri
1552 453 1648 481 itidem

145 507 268 531 tueretur
286 501 357 529 inter
372 508 493 535 causas,
514 500 622 535 quibus
640 499 705 528 bilis
724 500 833 536 cystica
853 508 867 528 e
885 509 939 528 suo
956 502 1139 536 receptaculo
1157 503 1238 537 quasi
1257 503 1415 539 emulgetur
1436 503 1511 540 (b).

180 553 211 589 §-
234 561 283 589 29.
301 546 309 551 ”
323 552 423 581 Animi
442 551 627 587 affectiones,
650 551 818 588 praesertim
837 551 898 586 ira,
915 552 1049 581 conferre
1073 552 1207 581 videntur
1230 554 1264 581 ad
1291 554 1358 582 bilis
1387 554 1574 583 excretionem
1601 554 1651 582 ad-

141 605 316 642 augendam,
340 611 391 631 nec
410 611 470 632 non
487 604 521 631 ad
536 603 598 640 ejus
617 603 781 639 qualitatem
810 603 970 631 mutandam
994 604 1069 640 (c).
1111 603 1182 632 Bilis
1208 605 1280 633 enim
1307 606 1479 641 quandoque
1509 613 1647 634 venenum

137 656 197 686 fieri
214 661 333 691 potest,
353 655 466 683 dolores
485 654 602 684 -colicos
626 655 779 684 acerrimos
803 655 951 690 excitam,
973 655 1008 683 iis
1033 663 1092 684 non
1116 655 1283 692 absimiles,
1309 657 1360 693 qui
1386 657 1420 685 ab
1440 657 1581 686 adsumtis
1598 666 1645 685 ve-

136 706 218 735 nenis
239 706 398 743 gignuntur
419 705 498 744 (d).

172 760 204 796 ς.
226 765 272 793 30.
313 757 459 785 Nonnulli
477 764 608 786 auctores
637 757 888 786 contractilitatem
911 755 1057 786 vesiculae
1071 757 1284 794 admittentes,
1306 758 1461 787 voluerunt
1477 759 1544 787 bilis
1560 759 1649 795 cysti-

136 817 186 838 cae
201 809 392 838 excretionem
411 808 446 837 ab
468 808 518 836 illa
535 809 683 846 adjuvan,
706 815 804 837 nostra
832 814 925 836 tamen
949 807 1087 843 opinione
1112 807 1323 839 contractilitas
1347 810 1414 838 haee
1431 811 1467 838 ad
1490 811 1645 846 regularem

132 868 160 890 et
178 861 256 890 omni
273 868 394 889 numero
412 868 508 889 sanam
526 859 595 888 bilis
610 859 799 888 excretionem
817 860 865 888 vix
879 859 1040 896 quidquam
1055 861 1186 890 conferre
1202 863 1335 899 videtur3
1358 862 1472 891 eandem
1491 869 1558 891 vero
1576 869 1644 890 tunc

129 913 215 942 unice
232 921 333 949 agere,
363 913 479 948 quando
497 913 544 940 vel
564 913 650 942 nimia
679 913 747 941 bilis
771 912 947 948 acrimonia,
969 914 1015 941 vel
1039 913 1093 941 alia
1119 913 1258 949 quaedam
1283 921 1370 942 causa
1383 934 1393 948 ,
1414 919 1523 950 praeter
1543 913 1649 942 sanita-

128 970 186 994 tem
207 964 305 993 locum
327 963 454 999 habens,
477 963 554 991 illam
571 963 822 992 contractilitatem
842 964 870 992 in
887 970 984 992 actum
1003 963 1131 992 deducit.

148 1018 196 1053 ‚§.
221 1025 266 1053 31.
306 1016 377 1045 Bilis
407 1016 496 1053 igitur
525 1017 693 1046 naturaliter
721 1017 886 1048 duodenum
920 1025 1022 1046 versus
1059 1015 1283 1050 determinatur,
1308 1015 1468 1051 'aliquando
1495 1020 1589 1043 tamen
1614 1013 1645 1043 in

128 1067 322 1096 ventriculum
349 1066 434 1096 fluere
464 1065 563 1103 potest
591 1073 619 1096 et
645 1076 705 1098 non
731 1077 794 1098 raro
827 1068 857 1098 in
882 1066 1070 1096 cadaveribus
1103 1065 1285 1095 ventriculus
1310 1065 1369 1093 bile
1401 1072 1517 1101 turgens
1545 1064 1648 1100 reperi-

128 1125 186 1148 tur.
225 1118 393 1147 Praesertim
410 1119 466 1148 hoc
485 1119 599 1148 obtinet
624 1119 654 1148 in
678 1119 808 1148 febribus
834 1118 1006 1153 continuis,
1028 1112 1303 1152 intermittentibus,
1325 1116 1449 1153 putridis
1462 1137 1472 1151 ,
1492 1115 1646 1152 malignis,

131 1171 179 1198 vel
197 1178 231 1198 ex
248 1170 498 1205 superabundante
525 1170 594 1199 bilis
623 1170 724 1207 fluxu,
745 1173 845 1200 velex
869 1170 956 1199 nimia
983 1169 1045 1206 ejus
1071 1168 1246 1204 acrimonia,
1275 1176 1332 1204 qua
1361 1167 1545 1196 vehementer
1571 1167 1644 1195 duo-

131 1221 234 1249 denum
254 1221 400 1257 stimulat,
422 1222 461 1251 ita
481 1228 514 1250 ut
528 1222 583 1250 hoc
604 1222 772 1252 intestinum
791 1231 855 1252 sese
878 1222 935 1252 sub
960 1221 1118 1250 insertione
1141 1220 1247 1249 ductus
1270 1219 1442 1249 choledochi
1472 1220 1640 1255 contrahat3

129 1281 202 1308 quae
219 1273 381 1301 contractio
397 1274 482 1302 etiam
502 1273 536 1301 ab
556 1273 619 1303 aliis
637 1275 733 1303 causis
751 1275 820 1304 oriri
834 1274 919 1303 valet.
959 1271 1014 1301 Vel
1032 1271 1236 1301 determinatur
1261 1271 1296 1300 ad
1320 1270 1516 1301 ventriculum
1536 1279 1570 1300 ex
1590 1271 1643 1300 ob-

128 1325 289 1353 structione
310 1324 462 1359 intestini,
482 1333 498 1352 a
518 1331 601 1353 motu
621 1326 884 1362 antiperistattico,
904 1330 978 1353 caet.
1004 1323 1081 1360 (e).

150 1435 205 1466 (a)
228 1436 264 1458 cf.
282 1434 469 1460 Baruts‚1>l1ys.
495 1434 514 1460 S.
529 1439 580 1459 23⁰·
751 1435 803 1461 (h)
827 1434 865 1457 cf.
881 1433 1036 1460 Autenrr'etk,
1050 1432 1118 1458 Phys.
1131 1431 1176 1452 Th.
1191 1436 1212 1452 2-
1227 1437 1251 1458 p.
1265 1429 1301 1458 87.
1314 1433 1333 1458 §-
1347 1429 1400 1458 642·

154 1481 200 1504 (c)
224 1474 584 1502 Cf.Ga1b=11‚Pntl1.254.
614 1475 651 1497 Cf.
669 1475 715 1495 Van
732 1475 842 1502 Swieun,
857 1470 933 1498 Comm,
950 1475 975 1494 in
991 1473 1072 1496 Boerh.
1086 1474 1116 1495 T.
1134 1478 1155 1498 3.
1170 1477 1192 1499 p.
1206 1472 1257 1498 466.

150 1519 205 1548 (a
224 1519 261 1540 Cf.
276 1517 353 1536 Amh
353 1514 378 1534 ιι·
377 1514 414 1542 k,
428 1515 490 1538 Diu
506 1515 527 1535 ιι
527 1516 602 1542 Περ.
633 1517 673 1538 Cf.
690 1517 843 1547 Prosclmffla,
857 1517 922 1545 Ριιμ.
936 1523 961 1546 p.
974 1521 1026 1546 4¹5·
1054 1516 1093 1542 Cf,
1110 1513 1172 1537 Med.
1190 1513 1352 1537 Realworterb.
1369 1513 1395 1536 B.
1407 1518 1428 1539 a.
1442 1519 1466 1542 p.
1478 1518 1532 1541 207.

151 1560 201 1589 (e)
217 1559 254 1582 Cf,
269 1556 364 1583 Iorml,
377 1556 448 1582 Anat.
464 1556 526 1580 Med.
541 1558 570 1581 Τ.
585 1563 606 1583 5.
622 1564 646 1586 p.
663 1558 712 1586 ¹35·
730 1565 781 1587 seq,

887 2043 918 2073 H
938 2052 956 2074 2
994 2032 997 2033 ’
1495 2041 1633 2073 CAPUT
