1946 2517
263 150 580 180 COMMENTATIO
606 159 650 178 An
670 150 976 186 QUAESTIONEM
995 148 1344 189 PH1LOSOPH10AM.
1518 167 1557 194 29

83 232 334 262 Perturbationum
355 232 499 266 absentia,
523 241 606 268 quam
624 231 716 261 Sto'ici
735 239 958 268 praeceperunt,
979 241 995 261 a
1018 233 1116 262 multis
1138 234 1320 270 improbata,
1346 244 1362 264 a
1376 237 1476 266 multis
1493 239 1555 268 lau-

49 284 112 313 data
139 290 193 313 est.
234 283 330 319 Cujus
355 283 544 312 dissensionis
573 285 619 311 hic
645 282 814 318 praecipuus
840 282 907 312 fons
925 284 1061 319 videtur,
1084 284 1162 319 quod
1185 285 1242 321 (ut
1269 285 1322 323 fit)
1356 295 1415 315 non
1440 296 1556 317 accura-

47 341 76 363 te
101 332 282 363 distinxerint
307 342 362 362 rem
380 334 414 361 de
438 342 493 369 qua
514 335 695 362 dissererent.
736 331 851 360 Etenim
878 333 903 360 si
922 341 955 362 ex
979 333 1109 362 Zenonis
1131 335 1247 363 scholae
1270 337 1421 365 sententiis
1445 338 1479 366 de
1493 339 1552 366 ani-

49 387 89 415 mi
118 386 385 422 perturbationibus
421 386 448 414 id
472 386 577 414 confici
601 385 696 421 possit
716 404 727 419 ,
755 383 832 411 illam
862 383 990 412 scholam
1018 385 1072 412 sub
1105 385 1352 420 perturbationum
1378 387 1493 416 nomine
1517 389 1553 417 ab

50 436 162 465 insania
188 436 333 464 detrahere
358 436 486 464 voluisse
512 436 688 472 sapientem,
721 434 792 470 quid
824 434 855 463 in
888 435 944 463 hoe
982 442 1134 472 praecepto
1168 436 1311 466 immane?
1342 446 1413 473 quae
1442 440 1554 468 tandem

51 493 128 516 esset
152 494 238 515 causa
267 495 352 521 quare
374 486 429 514 hoc
454 493 633 522 praeceptum
655 486 691 514 ab
719 485 784 514 aliis
808 491 955 522 tantopere
978 486 1156 522 laudaretur,
1184 488 1218 516 ab
1242 489 1306 517 aliis
1331 490 1553 526 exploderetur,

49 546 66 566 a
91 537 241 566 nonnullis
269 536 351 565 etiam
377 537 602 571 temperaretur?
643 535 719 573 Quis
751 543 877 571 unquam
905 537 1100 573 philosophus
1127 539 1243 566 scholae
1271 540 1347 567 dedit
1375 540 1482 569 veniam
1512 541 1556 570 in-

49 587 198 622 saniendi,
229 596 244 616 a
274 593 350 615 recta
381 587 490 615 ratione
516 595 548 615 se
568 587 739 616 avertendi?
780 586 820 615 Et
849 595 944 616 revera
970 588 1000 616 in
1028 588 1210 624 dogmatibus
1233 590 1267 618 de
1291 591 1378 620 animi
1406 592 1555 627 perturba·

48 638 181 667 tionibus
203 637 293 666 Sto'ici
315 637 356 665 nil
384 637 439 665 nisi
465 637 577 667 furores
600 644 626 666 et
654 638 792 667 insaniam
809 638 1023 674 reprehendisse
1045 639 1192 670 videntur.

86 689 127 718 Et
140 689 234 724 primo
251 687 364 723 quidem
375 688 568 718 irrationales
589 688 674 718 animi
690 694 787 717 motus
805 689 949 717 tollendos
966 690 1070 718 diserte
1087 690 1262 726 significavit
1277 691 1368 722 Zeno.
1392 693 1465 722 Nam
1482 702 1554 724 cum

49 738 317 776 perturbationibus
333 746 454 767 vacuum
470 740 574 768 statuit
591 740 765 776 sapientem,
792 739 1019 775 perturbationes
1037 740 1079 769 sic
1103 740 1202 769 definit
1230 742 1329 778 (apud
1350 743 1439 780 Diog.
1466 744 1554 773 Laer-

47 791 120 820 tium
139 790 206 818 VII.
224 790 315 826 110.)
335 789 417 822 πάθες
436 790 509 821 ἔστιν
525 792 540 825 ἡ
561 791 661 826 ἄλογος
674 791 720 821 καὶ
738 791 813 828 παρὰ
832 791 913 827 Φύσιν
926 795 1022 828 ψυχῆς
1042 793 1154 826 κίνησις.
1183 792 1263 830 Quae
1279 793 1381 822 Cleero
1399 794 1550 831 (Tuscul.

48 841 104 871 lV.
125 841 180 877 6.)
207 841 245 868 ita
260 840 346 869 vertit
360 847 388 868 et
403 841 490 869 eidem
509 842 620 870 Zenoni
634 842 735 870 tribuit
764 862 781 876 ,.,
794 841 970 877 perturbatio
991 848 1033 869 est
1054 851 1158 871 auersa
1177 852 1195 870 a
1209 848 1290 870 recta
1310 845 1424 872 ratione
1441 851 1546 874 contra

50 898 191 920 naturam
217 892 310 920 animi
335 891 509 920 commotio”
541 893 586 920 vel
612 892 744 921 brevius:
776 912 794 926 ‚,
814 891 990 927 perturbatio
1014 898 1058 920 est
1081 893 1229 928 appetitus
1260 894 1473 930 vehementior,
1501 895 1553 924 sed

49 942 285 971 vehementiorem
309 949 368 970 eam
393 943 496 971 volunt
513 950 596 978 esse,
620 951 692 979 quae
717 942 833 978 longius
857 942 1020 971 discesserit
1041 951 1057 971 a
1083 949 1201 972 naturae
1225 945 1386 973 constantia
1412 945 1525 982 (1).'’

87 992 196 1022 Nonne
219 1001 253 1021 ex
281 993 327 1021 his
362 992 489 1021 Zenonis
516 994 733 1024 definitionibus
765 1001 844 1031 patet
872 996 948 1024 hunc
977 996 1185 1032 philosophum
1223 1006 1275 1034 pei·
1307 997 1550 1033 perturbationem

49 1044 225 1074 intellexisse
248 1045 424 1073 insaniam?
466 1044 573 1073 Nonne
594 1045 683 1081 igitur
705 1047 760 1075 hoc
781 1047 978 1074 tantummodo
1004 1047 1121 1082 voluit,
1141 1049 1258 1076 insania
1282 1056 1403 1076 vacuum
1429 1055 1492 1075 esse
1509 1056 1555 1076 sa·

47 1094 197 1133 pientem?
237 1095 311 1123 Nam
339 1095 408 1130 quid
425 1095 504 1123 aliud
525 1101 568 1124 est
589 1095 717 1132 insania,
740 1097 798 1125 nisi
820 1105 924 1127 aversa
948 1106 966 1124 a
992 1103 1074 1125 κοῖα
1097 1100 1234 1134 ratione,
1261 1104 1365 1126 contra
1390 1103 1553 1132 naturam,

46 1147 158 1184 longius
183 1155 203 1174 a
230 1152 342 1174 natura
365 1145 529 1181 discedens,
550 1147 693 1176 vehemens
716 1146 859 1183 affectus?
898 1147 968 1175 Non
991 1147 1080 1184 igitur
1105 1157 1180 1184 opus
1208 1156 1272 1184 est,
1299 1148 1473 1182 rationales,
1502 1155 1554 1176 na-

47 1198 176 1232 turales,
204 1197 321 1231 dulces,
350 1196 536 1225 humanitatis
563 1204 660 1226 motus
688 1206 787 1227 contra
811 1199 938 1228 Zenonis
969 1200 1097 1229 scholam
1121 1200 1277 1230 defendere.
1317 1199 1387 1228 Non
1412 1204 1554 1228 conentur

48 1247 181 1277 homines
197 1257 213 1276 a
231 1248 395 1283 culpatione
408 1249 524 1277 liberare
543 1249 684 1285 ejusmodi
697 1256 792 1279 motus
804 1271 815 1286 ,
836 1251 887 1287 qui
906 1256 1015 1280 tantum
1030 1251 1136 1280 absunt
1149 1257 1180 1279 ut
1198 1256 1317 1279 mentem
1336 1258 1351 1278 e
1373 1256 1451 1278 statu
1476 1248 1547 1286 deji-

48 1299 146 1334 ciant,
176 1305 210 1327 ut
237 1305 337 1328 contra
361 1299 508 1328 hominum
527 1300 646 1328 virtutes
669 1308 703 1329 ex
729 1301 765 1329 iis
783 1307 955 1336 nascantur,
985 1309 1152 1336 serventur,
1179 1308 1352 1337 augeanturg,
1380 1308 1414 1328 ex
1438 1299 1546 1335 quibus

47 1348 268 1377 innumerabiles
295 1348 445 1377 felicitatis
471 1348 566 1378 fontes
592 1351 775 1387 derivantur3
804 1359 838 1380 ex
862 1352 968 1387 quibus
995 1352 1116 1387 denique
1140 1352 1312 1387 praestantia
1338 1351 1461 1380 hominis
1485 1359 1555 1386 prae

46 1399 148 1428 ceteris
174 1398 344 1427 animalibus
368 1399 453 1428 animi
480 1400 591 1436 gaudiis
617 1401 780 1430 carentibus
808 1404 911 1432 eximie
939 1409 1068 1439 apparet.
1109 1403 1193 1432 Tales
1213 1403 1287 1431 enim
1309 1408 1405 1430 motus
1423 1409 1482 1430 non
1503 1401 1550 1429 in-

47 1450 157 1480 tellexit
176 1450 268 1479 Zeno.
310 1451 354 1479 De
371 1451 605 1486 irrationalibus,
626 1452 659 1480 de
688 1454 804 1482 stolidis
827 1453 967 1489 loquitur.
1009 1452 1073 1482 Hos
1101 1453 1238 1481 radicitus
1270 1451 1467 1488 exstirpandos
1489 1459 1555 1480 cen-

45 1500 128 1538 auit,
150 1501 204 1530 hos
228 1507 330 1530 contra
355 1502 580 1531 adversariorum
614 1503 846 1540 oppugnationes
874 1501 958 1531 facile
979 1501 1125 1530 defendere
1151 1502 1261 1538 potuit.

85 1552 164 1587 Sed,
187 1552 262 1580 dicat
295 1553 382 1588 quis,
410 1553 490 1581 etiam
516 1554 644 1589 doloris,
673 1560 786 1588 metus,
815 1553 936 1581 laetitiae
960 1559 1056 1581 motus
1088 1552 1232 1581 sustulit?
1273 1552 1378 1581 Nonne
1401 1557 1551 1588 propterea

44 1602 125 1632 Zeno
147 1602 310 1638 culpandus
343 1604 411 1632 est?
462 1605 541 1633 Num
567 1604 654 1640 igitur
682 1613 778 1633 eorum
813 1598 936 1634 conatus
974 1604 1177 1640 supervacanei
1202 1610 1270 1633 sunt
1302 1604 1353 1640 qui
1382 1603 1550 1641 hujusmodi

46 1658 145 1682 motus
168 1659 268 1681 contra
288 1653 416 1683 Zenonis
442 1654 617 1683 severitatem
643 1654 794 1684 desendere
817 1655 986 1685 conantur?

1493 1705 1556 1743 Ag—

45 1788 93 1815 lv.
109 1788 136 1816 6.
155 1793 184 1819 ¹5
204 1792 229 1812 et
247 1793 291 1819 3¹·
314 1788 394 1815 Acad.
415 1789 435 1814 l.
455 1796 494 1815 10.
548 1789 632 1816 Marc.
657 1790 751 1816 Aaron.
772 1790 804 1816 V.
822 1789 859 1816 26
875 1795 899 1815 et
917 1796 960 1823 37.
984 1789 1045 1815 Vll.
1065 1789 1105 1815 18.
1137 1788 1212 1814 Vlll.
1230 1795 1270 1820 30.
1287 1794 1330 1821 47.
1347 1787 1390 1819 48.
1407 1793 1440 1819 49
1459 1792 1484 1812 et
1503 1792 1545 1819 55.

3 1863 11 1871 -
47 1834 94 1861 lx,
111 1841 138 1867 7.
156 1840 196 1865 33.
221 1834 254 1859 X·
271 1841 296 1865 3.
315 1841 356 1865 33.
383 1835 442 1861 XII.
463 1843 492 1867 17
511 1836 534 1860 in
555 1835 618 1865 fine,
638 1843 680 1869 27.
707 1836 790 1868 Epist.
810 1843 853 1868 24.
872 1843 914 1867 29.
957 1836 1084 1862 Plutarch.
1103 1835 1134 1860 de
1149 1834 1220 1860 Virt.
1240 1835 1308 1860 Mor.
1328 1840 1360 1859 20
1379 1839 1402 1857 et
1421 1840 1464 1859 αι.

77 1879 115 1914 (1
130 1879 144 1912 )
164 1880 248 1909 Πόθος
271 1879 293 1905 δ’
307 1879 370 1906 εἶναι
388 1881 468 1912 Φτισῖν
486 1883 560 1913 §uz-iu
581 1883 771 1916 πλθονέζευσκν
789 1885 834 1908 xxi
857 1883 942 1912 ἀκριβῆ
960 1881 1022 1916 (alii
1040 1879 1158 1913 ἄπενῦἥ)
1183 1884 1218 1913 τῷ
1236 1882 1349 1912 κίροῦντι
1374 1879 1443 1912 λόγῳ
1467 1878 1483 1907 ἤ
1501 1880 1548 1910 xxi

43 1927 139 1957 κΐνῆσις
157 1927 244 1959 Ψυχῆς
262 1928 332 1958 πᾱθῖῑ
356 1926 437 1957 <Nem
474 1929 666 1961 Appetitionem
686 1929 784 1954 nimiam
803 1935 850 1954 nec
867 1929 956 1954 rationi
976 1929 1189 1961 obtemperantem
1209 1927 1249 1953 vel
1268 1926 1340 1951 animi
1361 1931 1456 1958 praeter
1473 1930 1545 1951 natu-

43 1979 95 2000 ram
113 1979 227 2004 motum,
245 1973 316 1999 Stob.
333 1973 364 2005 μ’
383 1979 439 2005 175-

812 2020 839 2048 D
862 2028 876 2055 3
