1946 2517
290 170 334 205 3⁴

712 165 1311 199 .A·NNO·1·A'1·1·0;

505 245 615 277 Omnes
632 250 725 276 autem
750 247 833 285 illae,
857 248 936 284 quod
952 248 1023 278 bene
1045 247 1155 279 factum
1167 269 1179 287 ,
1199 249 1286 280 hodie
1301 248 1476 287 conjunctae
1499 249 1688 282 collectiones
1709 253 1770 290 pri.

475 305 552 328 mum
575 305 758 335 augmentum
781 305 972 336 acceperunt,
998 302 1143 331 translatis
1167 301 1245 337 huc,
1275 308 1350 330 anno
1372 301 1469 336 1818,
1489 309 1504 330 e
1527 301 1631 332 Museo
1657 304 1771 343 Regis,

478 349 647 385 sulphureis
672 357 856 379 nummorum
881 351 993 387 ectypis
1015 351 1182 388 Mionneti,
1204 360 1276 388 quae
1293 352 1388 380 omnia
1409 360 1510 389 genera
1526 361 1684 390 omnesque
1699 362 1776 385 aeta·

476 405 521 429 tes
540 401 789 438 complectuntur5
812 409 879 431 mox
893 398 1040 431 arcessitis
1061 404 1193 432 Londim
1214 409 1242 431 et
1261 404 1387 432 Parisiis
1407 411 1422 431 a
1443 404 1536 439 1819,
1558 405 1650 441 1820,
1678 406 1746 436 1821
1763 426 1775 442 ,

479 451 598 488 gypseis
620 451 732 487 ectypis
751 459 922 481 marmorum
947 461 1018 490 quae
1043 454 1079 483 ad
1106 454 1195 483 hocce
1214 462 1308 490 usque
1332 453 1479 482 saeculum
1501 453 1549 483 vix
1578 455 1652 485 ultra
1672 464 1777 486 nomen

481 507 552 530 nota
571 500 692 530 fuerant.

518 551 686 588 Deinceps,
706 560 734 581 a.
756 552 838 583 1821.
858 559 931 582 emta
944 560 1014 584 sunt
1027 555 1202 592 anaglyphae
1216 554 1440 591 inscriptiones,
1459 555 1573 591 ali-aque
1589 562 1774 586 monumenta

482 610 556 639 quae
583 603 741 632 adtulerant
769 602 832 632 Viri
856 604 1042 636 Nobilissimi
1069 606 1202 635 Rottiers
1234 611 1262 635 et
1293 605 1457 641 Humherc,
1487 606 1534 635 hic
1563 606 1701 643 Tuneto,
1729 607 1778 636 ille

482 662 516 682 ex
537 653 649 683 Attica.

521 703 617 739 Mox,
639 704 737 732 eodem
760 711 854 739 anno,
876 713 964 735 urnae
983 706 1141 735 barbaricae
1159 716 1252 744 nuper
1273 707 1302 736 in
1323 707 1417 743 patrio
1433 707 1522 742 solo,
1541 715 1631 744 prope
1658 707 1781 737 Vlacbt·

481 753 607 784 weddam
638 753 826 792 Groningae,
847 762 994 793 repertae,
1016 756 1046 785 in
1071 763 1203 787 nostrum
1226 757 1385 793 Museum,
1415 758 1505 795 Regis
1533 758 1780 788 Administrorum

478 806 585 843 J'ussu,
605 811 674 833 sunt
693 804 855 834 translatae.

517 857 562 886 Ex
580 856 735 885 donatione
755 863 936 886 accesserunt
951 857 1038 887 nobis
1061 866 1086 888 a.
1109 860 1199 889 :8212
1220 875 1259 883 --
1277 857 1470 887 Nummorum
1491 857 1689 888 Romanorum
1713 858 1785 887 Mu-

487 915 566 936 seum
588 907 627 943 J.
650 907 686 936 0.
708 906 872 936 Armzcm‘i
897 907 935 938 V.
956 908 1016 940 Cel.
1046 915 1108 939 tum
1140 910 1281 946 quidquid
1307 910 1372 947 ipse
1396 909 1571 946 antiquariae
1594 909 1783 950 supellectilis

487 957 512 986 ei
532 959 720 995 conjunctum
742 958 884 995 habebat3

525 1008 734 1045 Apographum
758 1008 961 1046 inscriptionis
978 1010 1164 1040 cuneiformis
1188 1011 1399 1048 Babylonicae3
1421 1011 1528 1040 donum
1549 1009 1717 1046 Wilkinsii,
1738 1010 1788 1040 Bi-

486 1058 667 1088 bliothecarii
687 1059 839 1088 Societatis
859 1060 964 1090 Indiae
985 1061 1148 1091 Orientali]
1169 1062 1358 1091 Londinense's
1372 1083 1383 1098 ,
1405 1063 1521 1091 nomine
1539 1062 1717 1097 Societari53

529 1109 678 1145 Ectypum
697 1117 835 1146 gypseum
857 1111 963 1142 similis
981 1111 1182 1148 inscriptionis
1203 1111 1344 1141 brevioris
1368 1113 1596 1148 Persepokitanae
1615 1121 1630 1139 a
1647 1112 1734 1141 Corn.
1754 1111 1791 1142 de

491 1159 587 1189 Bruin
615 1159 683 1189 oiim
709 1160 741 1191 in
769 1161 820 1190 has
843 1168 930 1191 terras
956 1162 1135 1200 adportatae:
1164 1163 1249 1200 cujus
1279 1163 1349 1192 doni
1373 1170 1474 1192 auctor
1505 1171 1611 1192 nomen
1637 1171 1723 1193 suum
1749 1170 1792 1193 ta·

490 1209 547 1239 ceri
566 1210 672 1247 cupit;

531 1260 688 1297 Inscriptio
705 1259 935 1300 Bur-manniam,
957 1265 1089 1300 supellex
1100 1264 1240 1294 nonnulla
1256 1264 1434 1301 antiq-uaria,
1456 1271 1563 1301 gypsea
1581 1271 1683 1302 ectypa
1699 1267 1794 1296 mino·

494 1319 538 1348 ra,
552 1317 580 1340 et
592 1320 764 1342 marmorum
775 1314 968 1350 pretiosorum
983 1316 1160 1352 specimina,
1174 1323 1247 1352 quae
1260 1316 1321 1352 ipse
1334 1316 1467 1352 contuli,
1481 1318 1563 1346 annis
1582 1316 1653 1347 1813
1663 1331 1700 1338 —
1709 1318 1793 1348 1821.

530 1463 668 1493 Museum
687 1465 730 1494 sic
754 1465 784 1495 in
805 1473 912 1504 septem
932 1474 1028 1505 partes
1043 1468 1168 1497 divisum
1186 1475 1250 1504 est,
1270 1475 1304 1498 ut
1326 1468 1413 1498 Artis
1432 1476 1520 1508 opera
1538 1477 1554 1498 a
1571 1469 1655 1498 meris
1675 1471 1800 1509 inscrip-

499 1515 623 1545 tionibus
638 1516 699 1546 sint
716 1516 852 1546 distincta
863 1539 874 1554 ,
895 1526 923 1548 et
940 1525 1060 1555 utraque
1079 1529 1094 1548 a
1111 1521 1255 1556 nummis‚·
1284 1520 1357 1549 inter
1372 1521 1441 1549 artis
1460 1527 1551 1549 autem
1567 1528 1670 1557 opera,
1693 1521 1798 1550 Orien-

499 1566 578 1595 talia
595 1574 610 1594 a
627 1567 748 1596 Graeci.»
764 1574 791 1595 ct
809 1567 972 1606 Romanis,
993 1577 1052 1599 tum
1070 1570 1187 1600 Graeca
1211 1573 1318 1599 aetatis
1342 1572 1561 1609 amiqwissimac
1581 1572 1698 1600 seorsim
1715 1581 1729 1601 a
1746 1574 1798 1601 mi-

504 1625 559 1645 nus
577 1617 706 1654 antiquis
727 1619 785 1647 sint
799 1619 960 1655 disposita:
982 1623 1152 1657 tandrmque
1172 1622 1323 1657 proprium
1339 1622 1435 1651 locum
1453 1627 1598 1659 occupent
1615 1629 1797 1652 monumenta

503 1668 703 1706 sepulcralia,
725 1675 786 1698 tum
809 1669 948 1706 Graeca,
969 1678 1029 1701 tum
1050 1672 1196 1702 Romana.

543 1727 569 1749 1.
599 1719 631 1748 ln
653 1720 852 1750 Orientalibus
874 1722 1011 1751 habemus

598 1769 790 1806 Mummiau13
813 1772 890 1801 idola
910 1773 1019 1802 minora
1039 1773 1127 1802 vitrea
1147 1779 1176 1802 et
1195 1772 1297 1810 lignea.
1708 1774 1807 1806 Acad.

603 1821 678 1848 idola
710 1821 798 1851 vitrea
827 1824 944 1855 similia.
1469 1824 1614 1855 Κακίου.
1651 1824 1806 1856 Ilumbert.

596 1877 699 1907 ectypa
719 1880 827 1908 gypsea
848 1874 985 1904 similium
1006 1875 1161 1904 idolorum.
1580 1877 1613 1906 C.
1638 1876 1674 1914 J.
1704 1877 1738 1907 C.
1765 1876 1807 1905 R.

598 1927 700 1957 ectypa
722 1931 828 1959 gypsea
848 1926 1074 1963 anaglypharum
1093 1925 1343 1965 Aegyptiacarum.
1624 1926 1718 1956 L'ond.
1740 1935 1806 1957 emt.

598 1971 667 2000 item
687 1971 871 2005 Persicarum.
1733 1983 1766 2006 ut
1787 1986 1809 2006 ι.

1765 2025 1813 2056 h-
