1946 2517
282 151 316 186 36
534 143 537 146 “
629 140 746 180 JANI
785 137 1055 168 RUDOLPHI
1095 145 1165 167 vax
1206 135 1434 166 MAANEN

285 230 406 263 cognito
419 248 429 262 ,
452 234 572 257 errorem
594 226 676 254 illum
697 221 940 259 deprehenderunt
962 220 1053 258 (a),
1074 220 1112 248 ita
1133 225 1166 247 ut
1182 220 1266 249 hodie
1281 220 1355 248 int'er
1372 228 1402 248 se
1420 219 1609 257 conveniam,
1631 227 1657 251 et
1674 223 1708 252 ab
1729 230 1792 251 om.

286 283 374 312 nibus
395 285 506 316 recepta
531 278 569 306 sit
588 276 707 312 opinio,
729 276 814 309 hepar
839 273 936 301 viscus
965 279 1026 299 esse
1052 270 1232 300 bilificationi
1259 271 1439 306 inserviens;
1463 272 1496 300 de
1523 272 1608 301 modo
1639 282 1704 302 vero
1731 283 1792 310 quo,

287 334 355 364 bilis
378 333 428 361 illa
447 335 628 362 secernatur,
656 326 791 355 nimirum
811 332 846 353 an
867 322 989 352 secretio
1006 322 1056 351 illa
1083 330 1098 350 e
1115 322 1256 358 sanguine
1272 323 1428 357 arterioso‚
1448 330 1483 351 an
1507 331 1574 352 vero
1595 332 1702 353 venoso
1723 324 1791 361 fiat,

287 385 431 423 permulta
450 383 561 410 admota
579 384 647 407 sunt
663 377 769 412 dubia,
791 381 964 411 quamquam
984 373 1121 408 generalis
1145 373 1246 408 opinio
1266 379 1333 408 est,
1355 374 1522 409 sanguinem
1544 383 1679 404 venosum
1703 376 1792 413 ahdo-

289 436 418 466 mitialem
439 430 578 469 principia
600 429 752 463 advehere,
773 435 789 455 e
810 427 916 462 quibus
938 425 1043 452 humor
1069 423 1117 452 ille
1141 431 1346 461 praeparatur,
1366 425 1433 454 dum
1451 425 1552 454 arteria
1571 425 1698 462 hepatica
1715 434 1794 462 prae-

288 489 373 522 cipue
393 482 543 512 nutritioni
571 481 690 509 visceris
709 480 802 508 dicata
821 478 870 505 sit.

327 534 519 565 Examinanda
544 532 641 567 itaque
660 537 730 560 sunt
745 535 929 566 argumenta,
954 536 1024 564 quae
1048 535 1114 555 cum
1129 526 1283 556 secretioni
1304 527 1391 566 hujus
1417 528 1547 559 humoris
1567 537 1583 559 e
1598 529 1736 566 sanguine
1752 537 1794 559 ar.

290 587 417 624 terioso‚
439 592 498 615 tum
517 584 559 613 illi
579 593 594 613 e
614 583 753 620 sanguine
769 589 878 612 venoso
896 579 990 609 favere
1010 578 1151 608 videntur.

647 862 925 896 CAPUT
998 858 1432 904 QUARTUM.

459 991 666 1016 SECRETIO
695 991 805 1014 BILIS
835 993 856 1013 A
885 989 1102 1015 SANGUINE
1132 987 1350 1011 ARTERIAE
1380 986 1627 1009 HEPATICAE·

289 1156 319 1190 s.
335 1160 379 1190 14.
403 1118 476 1181 Ex
499 1149 628 1186 analogia
654 1147 842 1177 ratiocinatus
872 1144 1056 1182 potissimum
1087 1143 1145 1172 fuit
1176 1143 1315 1180 Sylvim,
1345 1142 1414 1178 qui,
1443 1141 1577 1177 quoniam
1606 1148 1716 1172 tantum
1737 1151 1797 1175 non

290 1212 389 1234 omnes
410 1202 512 1238 reliqui
528 1202 662 1230 humores
681 1198 838 1235 inquilini,
861 1196 992 1233 plerique
1009 1196 1108 1224 saltem
1122 1216 1134 1232 ‚
1156 1201 1345 1224 secernuntur
1361 1202 1376 1223 a
1396 1194 1473 1222 vasis
1492 1194 1637 1222 arteriosis
1659 1202 1686 1223 et
1701 1203 1716 1223 a
1731 1204 1796 1225 san-

290 1256 376 1293 guine
398 1263 448 1290 per
466 1254 583 1282 arterias
607 1252 694 1280 allato
708 1271 719 1286 ,
741 1250 828 1279 simili
851 1249 934 1277 etiam
959 1247 1068 1276 ratione
1087 1255 1102 1275 e
1122 1246 1259 1283 sanguine
1285 1253 1335 1280 per
1361 1245 1489 1273 arteriam
1515 1245 1670 1280 hepaticam
1687 1245 1796 1281 allato,

289 1309 374 1337 bilem
399 1306 506 1336 secerni
527 1304 598 1334 dixit
621 1304 686 1340 (b)
707 1309 794 1338 atque
820 1299 1007 1340 faverelhuic
1034 1298 1168 1334 opinioni
1195 1298 1330 1326 videntur
1356 1296 1488 1325 instituta
1513 1295 1701 1331 experimenta
1724 1297 1758 1324 ab
1781 1305 1796 1326 a

288 1359 410 1394 Castro,
432 1356 482 1393 qui
499 1364 532 1384 ex
551 1355 756 1392 injectionibus
777 1353 913 1381 felicibus
932 1350 1047 1379 arteriae
1065 1349 1210 1384 hepaticae
1227 1347 1397 1381 concludit,
1420 1349 1498 1381 quod
1522 1345 1608 1374 libera
1630 1347 1728 1374 adesse
1753 1346 1797 1375 vi·

291 1410 374 1439 detur
394 1411 462 1444 via,
483 1415 556 1443 quae
572 1415 588 1434 e
607 1407 716 1435 finibus
738 1406 825 1442 hujus
847 1403 964 1432 arteriae
985 1401 1014 1429 in
1037 1408 1125 1442 poros
1150 1399 1283 1427 biliarios
1303 1397 1382 1426 ducit
1405 1397 1482 1432 (c).

331 1460 420 1497 Quod
435 1459 470 1487 ad
491 1458 612 1495 primum
638 1463 861 1492 argumentum,
893 1454 959 1481 licet
988 1452 1082 1487 primo
1107 1450 1214 1478 iutuitu
1242 1448 1372 1484 analogia
1394 1448 1511 1476 aliarum
1537 1448 1729 1477 secretionum
1755 1448 1798 1478 illi

289 1512 381 1541 faveat
394 1531 404 1546 ‚
425 1509 586 1539 accuratior
605 1515 698 1536 tamen
719 1506 864 1544 indagatio
882 1503 998 1542 plenius
1018 1503 1121 1537 docet,
1142 1500 1289 1537 principes
1306 1505 1398 1536 partes
1425 1499 1595 1529 secretionis
1622 1499 1689 1529 bilis
1709 1508 1797 1529 venae

286 1569 434 1600 portarum
454 1561 562 1590 deberi.
1009 1561 1014 1563 ·

328 1617 356 1651 ς.
381 1622 424 1651 15.
465 1611 513 1641 Ad
531 1612 602 1640 idem
619 1611 709 1640 hocce
727 1615 923 1647 argumentum
941 1607 1145 1642 refutandum,
1170 1604 1409 1634 B'umcnbachius
1427 1603 1506 1632 aliud
1524 1601 1634 1638 adfert,
1655 1603 1737 1632 etiam
1758 1611 1792 1633 ex

288 1664 417 1700 analogia
440 1665 625 1697 desumtum,
654 1662 703 1690 sed
733 1662 809 1696 quod
840 1660 955 1697 majoris
985 1659 1122 1688 momenti
1150 1666 1211 1686 esse
1234 1657 1357 1685 Videtur.
1403 1656 1654 1691 Comparationem
1680 1655 1793 1683 scilicet

289 1716 417 1745 instituit
445 1722 544 1743 auctor
569 1714 722 1750 pulmones
744 1713 816 1740 inter
842 1719 868 1740 et
891 1711 989 1748 hepar.
1041 1711 1074 1738 ln
1101 1718 1136 1738 eo
1161 1710 1296 1737 nimirum
1320 1707 1513 1741 conveniunt,
1543 1706 1623 1741 quod
1647 1705 1794 1741 duplicem

288 1767 467 1804 sanguinem,
486 1765 605 1794 alterum
624 1764 796 1799 nutritium,
814 1763 932 1791 alterum
952 1763 1103 1798 utriusque
1123 1761 1244 1790 visceris
1261 1759 1407 1788 functioni
1422 1759 1594 1787 destinatum
1606 1777 1616 1792 ,
1633 1757 1794 1793 accipiunt.

1731 1806 1799 1836 Pul-

311 1896 359 1924 (κ’
382 1896 413 1918 Cf
440 1895 465 1917 T.
481 1894 637 1922 rank-linus,
655 1895 734 1921 Opust,
751 1895 811 1916 Anat
836 1894 861 1914 de
877 1892 930 1920 Περ.
948 1894 1076 1915 Resurreer.
1104 1891 1141 1914 cf.
1158 1889 1275 1917 Binmhi,
1291 1888 1353 1911 Iln'u.
1369 1887 1428 1914 Eup.
1448 1886 1476 1910 T.
1495 1891 1515 1910 1.
1537 1886 1561 1909 P.
1577 1889 1598 1906 Ι.
1624 1885 1652 1909 c.
1666 1882 1681 1906 6
1695 1888 1721 1906 et
1733 1883 1756 1907 Β.

313 1938 358 1960 ¹¹⁷¹)
384 1937 422 1959 Cf.
440 1937 534 1964 llnllcr,
552 1937 620 1959 Elem.
641 1936 706 1962 Phys.
723 1937 749 1957 T.
760 1936 782 1957 6,
800 1937 825 1958 L.
844 1941 878 1961 23.
897 1937 918 1957 S.
933 1941 953 1961 3.
968 1938 986 1960 5.
1002 1936 1034 1956 28.

312 1977 356 2003 (ω
378 1978 415 2000 Cf.
431 1977 526 2006 Malla,
541 1977 581 1999 lut.
600 1977 642 2003 cit,
674 1978 711 2002 cf.
729 1976 844 2005 Goldwiz,
859 1975 925 2003 Phjs.
941 1974 981 1997 der
1001 1974 1079 2001 Galle,
1095 1979 1119 2002 p.
1135 1978 1172 2001 ⁴⁶·
