1946 2517
426 150 743 184 COMMENTATIO
763 159 798 181 m
819 149 1123 190 QUAESTIONEM
1142 151 1352 187 MEDICAM.
1606 165 1652 194 31²·

338 394 715 440 HEPATIS
787 394 1420 439 PHYSIOLOGIA'.

369 544 777 587 2sECT10
852 543 1346 589 SECUNDA.

818 680 936 691 .—

486 776 764 815 PARS
885 776 1264 816 PRIMA.-

530 915 801 948 CAPUT
868 915 1224 950 PRIMUM.

155 1041 186 1078 ς.
206 1049 232 1071 1.
264 1007 457 1071 Densitate
478 1039 586 1076 insigni
603 1041 707 1077 gaudet
725 1041 833 1076 hepar,
851 1041 962 1070 minore
990 1045 1083 1070 tamen
1102 1048 1186 1077 quam
1207 1048 1305 1076 renes»,
1326 1040 1432 1078 majore
1454 1047 1525 1069 vero
1544 1048 1631 1075 quam

118 1092 174 1121 alia
205 1091 460 1128 parenchymatosa
486 1091 605 1122 viscera.
654 1091 823 1121 Substantia
855 1091 917 1128 ejus
941 1091 1091 1127 pressione
1115 1090 1199 1128 digiti
1224 1091 1322 1128 cedit,
1349 1091 1429 1127 quod
1453 1090 1571 1120 facilius
1596 1090 1632 1119 fit

113 1150 147 1180 jn
163 1148 243 1171 statu
272 1141 385 1178 hepatis
411 1141 626 1178 pinguedinoso
647 1142 663 1179 <
675 1142 733 1180 a).

155 1193 184 1230 §-
205 1201 234 1222 2.
275 1192 506 1221 Extensibilitas
533 1201 590 1229 qua
616 1193 720 1230 gaudet
745 1201 832 1231 parva
854 1199 919 1230 est,
939 1194 1047 1223 nullam
1073 1193 1158 1223 habet
1182 1193 1433 1223 contractilitatem
1461 1192 1633 1229 animalem,

117 1250 145 1273 et
163 1243 341 1273 sensibilitas
351 1243 482 1273 animalis
507 1243 575 1273 huic
601 1244 708 1273 visceri
735 1253 750 1274 a
769 1245 896 1275 Hallero
915 1253 976 1274 non
995 1245 1150 1282 tribuitur3
1173 1253 1269 1274 verum
1289 1251 1334 1273 est
1352 1244 1432 1280 quod
1448 1245 1487 1273 sit
1503 1244 1631 1280 obtusa,

117 1295 165 1324 sed
176 1303 272 1323 verum
291 1295 396 1330 etiam,
418 1294 499 1330 quod
517 1294 670 1324 morbosae
690 1294 856 1325 affectiones
868 1316 880 1332 ,
901 1295 981 1326 iilam
1002 1304 1085 1332 saepe
1103 1296 1282 1325 manifestam
1299 1296 1416 1324 reddant
1436 1296 1515 1333 (b).

154 1346 185 1382 s.
207 1353 234 1380 3.
275 1344 458 1374 sensibilitas
479 1351 574 1374 autem
594 1353 622 1373 et
637 1346 845 1376 contractiiitas
866 1347 990 1384 insignis
1009 1348 1142 1384 organica
1157 1356 1270 1383 semper
1297 1353 1365 1376 sunt
1396 1347 1505 1375 activae
1528 1347 1559 1377 in
1584 1355 1628 1376 se-

116 1394 263 1429 cretione,
283 1395 447 1424 excretione
472 1402 500 1424 et
526 1396 698 1426 nutritione.
738 1396 831 1426 Prima
855 1398 1007 1434 materias,
1036 1399 1217 1427 bilificationi
1245 1404 1346 1433 aptas,
1375 1399 1409 1426 ab
1440 1398 1502 1426 aliis
1527 1398 1627 1426 itidem

114 1445 150 1473 ad
167 1446 253 1480 hepar
272 1444 394 1479 delatis,
416 1445 467 1474 sed
482 1445 667 1475 bilificationi
694 1447 801 1483 ineptis
821 1449 1015 1485 materiebus,
1035 1449 1213 1485 distinguit,
1234 1449 1320 1478 altera
1347 1449 1477 1478 materias
1505 1448 1628 1478 bilifica·

113 1495 187 1525 tioni
206 1494 336 1531 ineptas,
358 1495 448 1532 ejicit.

153 1548 183 1583 S.
203 1556 234 1584 4.
274 1546 344 1575 Vita
364 1547 468 1583 gaudet
485 1548 624 1584 propria,
646 1548 716 1578 hinc
743 1550 924 1587 explicatur,
945 1558 1033 1587 quare
1060 1557 1169 1580 tantum
1195 1549 1281 1579 bilem
1308 1556 1417 1586 separet
1437 1556 1466 1579 et
1491 1557 1551 1579 non
1571 1550 1630 1579 uri-

112 1605 198 1633 nam,
219 1597 286 1626 dum
317 1604 411 1628 tamen
438 1600 569 1628 materies
596 1600 741 1636 uropoiesi
770 1602 952 1637 inserviens,
973 1610 1025 1637 per
1051 1603 1114 1638 ejus
1138 1602 1329 1630 substantiam
1357 1601 1486 1630 vehitur:
1509 1610 1564 1637 qua
1589 1601 1626 1630 de

111 1650 200 1679 causa
225 1649 391 1685 particulari
423 1658 541 1685 quoque
569 1649 792 1681 inflammatione
825 1659 853 1680 et
877 1653 1104 1689 particularibus
1133 1652 1355 1681 alterationibus
1378 1652 1538 1686 afficiatur,
1568 1659 1621 1680 nec

112 1708 173 1729 non
197 1707 370 1728 consensum
391 1707 455 1728 cum
473 1701 613 1736 cerebro,
635 1710 693 1731 non
716 1711 783 1732 vero
811 1711 877 1732 eum
896 1704 1040 1732 testiculis
1068 1704 1163 1738 alere,
1195 1703 1374 1732 observetur.
1419 1702 1450 1731 In
1475 1708 1552 1730 statu
1576 1702 1625 1730 he·

112 1750 190 1788 patis
210 1750 349 1779 morboso
367 1758 450 1785 saepe
470 1750 552 1779 hicce
575 1760 738 1782 consensus
763 1754 886 1790 partium
913 1754 1105 1788 observatum
1129 1763 1164 1782 on
1184 1757 1319 1788 carmon,
1341 1753 1411 1782 dicit
1437 1753 1561 1787 Biclmt,
1583 1753 1624 1781 les

111 1802 206 1840 dapem
225 1807 264 1830 au
275 1803 344 1838 foye
360 1801 432 1830 dans
453 1802 493 1831 les
509 1803 611 1841 playes
634 1804 669 1833 de
687 1804 718 1832 la
737 1806 796 1834 tete
814 1806 903 1844 (c),
920 1813 994 1841 quae
1022 1804 1107 1834 verba
1131 1812 1177 1834 me
1199 1805 1344 1834 adhortari
1362 1805 1495 1834 videntur
1507 1824 1517 1839 ‚
1541 1809 1573 1830 ut
1590 1802 1620 1831 in

109 1853 187 1882 hunc
207 1861 381 1882 consensum
402 1854 491 1889 paulo
509 1854 594 1883 latius
614 1855 771 1892 inquiram.

1491 1903 1625 1936 CAPUT

135 1967 188 1994 (Ι)
210 1966 246 1987 (f.
264 1965 360 1992 aicbat,
376 1966 447 1990 AM!-
463 1968 541 1991 D'st'r·
558 1970 585 1991 Τ.
599 1975 620 1995 5.
636 1977 658 1997 p.
673 1976 711 1997 93.
874 1970 928 2000 (b)
946 1969 984 1995 Cf.
997 1970 1093 1997 Ilslln,
1108 1970 1146 1993 El.
1165 1970 1230 1998 Phyae,
1247 1972 1277 1994 T.
1292 1970 1315 1995 6.

133 2010 187 2037 (c)
208 2008 246 2029 Cf.
271 2007 368 2035 ιίιΙιαΙ,
382 2008 453 2030 Anat.
472 2009 526 2033 Ceu.
551 2011 577 2032 Τ.
591 2016 612 2033 2.
633 2016 657 2037 p.
673 2011 729 2035 ⁶28.
