1946 2517
327 206 350 243 6
633 197 1006 235 GUILIELMI
1063 195 1528 229 WENCKEBACH

1029 307 1058 342 §.
1099 315 1130 336 2.

892 382 940 412 De
959 384 1087 411 materia
1108 382 1286 412 Barometri.

369 466 419 496 Act
441 466 496 495 hoc
523 463 707 501 propositum
730 459 906 498 requiritur-3
941 466 974 488 ut
1001 459 1039 488 sit
1059 460 1190 495 materia,
1218 468 1234 488 e
1261 468 1318 496 qua
1340 459 1496 489 conficitur
1521 460 1731 496 barometrum,
1751 461 1838 498 talis,

333 519 425 554 qualis
453 518 572 546 maxime
597 517 732 546 convenit
763 514 828 543 huic
855 515 941 543 usuiz
977 512 1132 542 conficitur
1154 518 1248 541 autem
1277 513 1433 549 praecipue
1455 521 1470 541 e
1497 512 1591 546 vitro,
1612 520 1627 539 e
1653 513 1793 541 mercurio
1812 519 1841 540 et

329 576 344 597 e
366 569 455 604 ligno.

381 630 405 649 1.
430 620 543 649 Vitrum
570 619 653 648 debet
680 627 744 647 esse
767 625 852 653 quam
873 616 993 644 maxime
1013 615 1107 642 album
1125 620 1153 642 et
1175 614 1303 649 ciarum,
1324 619 1352 642 et
1377 615 1486 651 ubique
1510 615 1665 651 aequaliter
1689 623 1837 644 crassum:

330 670 377 700 De
398 671 510 699 Lucius
529 672 596 708 (1)
616 671 686 699 dicit
711 671 854 705 optimum
876 677 938 697 esse
960 674 1067 695 vitrum
1089 666 1242 700 Anglicum
1256 685 1267 700 ‚
1288 666 1390 694 melius
1412 666 1495 694 etiam
1515 674 1548 695 eo
1572 666 1671 701 vitro,
1692 675 1751 702 quo
1777 666 1841 702 ipse

333 730 405 750 usus
431 728 493 751 cst:
525 729 601 750 certe
636 723 793 757 optandum
822 721 882 754 sit,
914 726 946 747 ut
971 728 1072 748 omnes
1097 720 1255 748 mechanici
1278 721 1376 748 eodem
1403 721 1469 748 vitri
1493 728 1594 756 genere
1619 727 1752 750 utantur:
1782 721 1841 757 jam

333 774 406 801 enim
433 774 508 801 varia
538 774 736 801 dilatabilitaie
763 774 906 801 variorum
933 772 1003 800 viti-i
1029 778 1185 807 generum,
1214 778 1287 805 quae
1312 778 1389 806 patet
1413 779 1447 799 ex
1472 760 1672 807 ekperimentis
1696 772 1841 801 Lavoisie-

335 827 378 853 rii
399 826 471 862 (2)
492 832 519 853 et
546 825 622 852 varia
642 824 718 852 forte
740 824 822 852 etiam
847 832 944 851 eorum
972 824 1003 851 vi
1022 824 1179 851 attrahendi
1202 829 1251 850 aut
1275 822 1429 858 repellendi
1454 822 1513 850 fieri
1532 829 1652 858 potest,
1677 829 1710 851 ut
1733 830 1842 850 mercu-

336 876 396 905 tius
416 876 513 904 eodem
539 882 666 911 ternpore
685 884 743 904 non
763 875 796 903 ad
817 875 930 902 eandem
949 874 1127 903 altitudinem
1148 874 1280 910 adsurgat
1302 873 1332 902 in
1351 873 1540 909 baromeffls,
1561 873 1729 909 ceteroquin
1749 874 1843 902 omni·

334 927 390 956 bus
419 927 548 964 partibus
570 925 626 955 sibi
647 927 768 955 invicem
798 926 961 955 simillimis.
1002 924 1144 953 Praeterea
1167 924 1319 953 videndum
1343 931 1405 960 est,
1427 931 1460 953 ut
1482 926 1576 953 nullae
1598 932 1718 961 prorsus
1740 925 1846 954 sintin

333 979 412 1008 vitro
432 979 534 1008 rimae:
557 979 690 1014 quamvis
711 978 784 1006 enim
808 979 924 1015 exiguae
942 978 1079 1014 temporis
1098 978 1180 1013 lapsu
1200 983 1283 1013 saepe
1304 975 1377 1005 fiunt
1396 983 1451 1005 tam
1475 984 1612 1013 magnae,
1635 983 1666 1004 ut
1683 977 1727 1005 aer
1745 975 1847 1005 introi·

336 1037 386 1066 re,
407 1036 434 1059 et
458 1031 615 1059 mercurius
633 1029 748 1058 effluere
770 1030 871 1064 poesie.

376 1090 405 1110 2.
435 1083 460 1111 E
477 1082 564 1109 variis
590 1081 721 1108 mercurii
747 1080 898 1116 generibus
919 1079 1205 1108 Musschenbroekins
1224 1079 1296 1115 (3)
1317 1079 1497 1106 commendat
1519 1078 1697 1114 Tyrolensem
1723 1085 1846 1107 navum:

338 1136 465 1169 praestat
494 1137 585 1160 tamen
615 1130 802 1166 auctoribus,
828 1129 881 1160 Cel
917 1129 1077 1160 Swindaemo
1096 1131 1168 1167 (4)
1188 1136 1215 1157 et
1235 1129 1380 1157 Kastnero
1401 1130 1490 1166 (5),
1512 1129 1712 1165 sulphur-etum
1729 1129 1847 1165 hydrar-

339 1185 421 1222 gyri3
453 1185 562 1220 quippe
589 1184 643 1212 hoc
672 1189 780 1211 tantum
808 1191 912 1219 purum
941 1190 983 1211 est
1010 1183 1044 1210 ab
1075 1181 1153 1209 omni
1178 1181 1302 1216 plumbo
1327 1187 1355 1209 et
1387 1180 1555 1210 bismuzhoz
1583 1181 1651 1216 quia
1677 1187 1769 1208 autem
1795 1188 1849 1216 pu·

340 1237 460 1264 tissimo
487 1241 596 1263 tantum
627 1235 668 1263 uti
693 1235 779 1270 licet,
799 1234 829 1262 in
853 1234 1003 1261 cucurbita
1026 1233 1139 1268 figulari
1165 1240 1214 1261 aut
1239 1233 1327 1260 vitrea
1355 1232 1517 1268 imponitur
1540 1231 1622 1268 igni,
1643 1232 1762 1260 mixtum
1781 1239 1848 1260 cum

337 1289 492 1318 Carbonate
514 1288 600 1315 calcis
625 1288 714 1324 (0),
737 1292 805 1315 tunc
833 1286 943 1314 acidum
970 1285 1155 1314 cai-bonicum
1175 1292 1227 1320 gaz
1251 1282 1302 1318 513
1326 1283 1389 1311 calx
1412 1283 1565 1320 conjungit
1586 1292 1616 1312 se
1632 1291 1699 1312 cum
1725 1283 1851 1319 sulphu-

341 1346 389 1373 re,
411 1346 437 1367 et
462 1340 606 1367 metalium
634 1345 739 1374 purum
765 1343 946 1372 evaporatum
968 1336 997 1363 in
1021 1336 1174 1370 recipienie
1197 1334 1440 1362 condensabitur:
1467 1334 1545 1368 sive,
1569 1341 1600 1362 ut
1617 1333 1757 1370 praecipit
1781 1333 1851 1363 Pro·

341 1390 436 1419 sessor
465 1389 692 1427 Marburgensis
718 1389 898 1423 Mum-kias,
926 1388 1037 1415 lavatur
1059 1387 1217 1415 mercurius
1237 1385 1320 1413 acido
1346 1384 1472 1420 uitrico,
1503 1386 1593 1413 donec
1619 1386 1738 1413 chalcus
1761 1384 1790 1413 in
1817 1392 1853 1413 eo

342 1439 458 1475 positus
476 1440 622 1474 albescat3
646 1439 816 1467 Thenardus
840 1445 932 1466 tamen
952 1438 1044 1473 priore
1062 1444 1172 1465 tantum
1196 1438 1240 1465 via
1264 1437 1356 1465 utitur
1377 1436 1466 1473 (7):
1490 1443 1578 1471 quum
1603 1442 1672 1471 post
1694 1436 1762 1464 haec
1780 1443 1854 1464 mer·

345 1491 444 1519 curius
469 1496 605 1519 contactu
633 1491 703 1518 ae'ris
724 1498 824 1518 rursus
848 1489 995 1525 obtegitur
1014 1488 1169 1524 pellicula,
1192 1488 1244 1516 hac
1264 1487 1423 1520 liberatur,
1445 1486 1617 1514 includendo
1633 1493 1697 1514 eum
1718 1486 1748 1514 in
1765 1493 1853 1515 sacco

340 1548 373 1570 ex
399 1543 480 1571 corio
501 1544 619 1579 caprino
650 1551 677 1572 et
701 1543 886 1579 exprimendo
909 1550 958 1577 per
986 1542 1072 1577 hujus
1093 1548 1200 1577 poros:
1224 1540 1346 1574 denique
1370 1538 1537 1572 aliquandiu
1563 1538 1591 1565 in
1615 1537 1714 1573 lagena
1741 1536 1853 1573 agitan-

340 1594 394 1622 dus
419 1601 482 1629 est,
505 1601 537 1622 ut
565 1595 613 1623 fiat
637 1603 670 1624 eo
695 1595 843 1623 mobiiior.
891 1594 947 1621 Sed
972 1594 1028 1621 nisi
1058 1592 1218 1621 mercurius
1239 1596 1343 1617 certam
1371 1587 1512 1623 quandam
1537 1588 1703 1623 gravitatem
1730 1586 1854 1621 habent,

341 1645 371 1673 in
400 1646 486 1673 variis
518 1646 685 1674 barometris
721 1654 779 1674 non
804 1645 838 1673 ad
866 1645 978 1672 candem
1005 1643 1184 1671 altitudinem
1211 1641 1281 1670 elii:
1309 1641 1344 1668 ad
1374 1640 1457 1667 talem
1491 1638 1701 1666 iic-terminatam
1733 1638 1854 1674 gravita-

1801 1693 1860 1717 tel!

370 1775 415 1802 (1)
438 1775 480 1796 D:
503 1778 565 1796 Luc
587 1774 722 1795 Re‘etmchn
743 1779 781 1794 sur
799 1772 829 1793 lu
850 1770 1011 1798 modificatione
1035 1770 1060 1790 ele
1076 1767 1200 1795 ffatmoqm
1217 1774 1242 1794 t,
1265 1767 1292 1789 Τ.
1310 1766 1338 1787 11.
1363 1772 1384 1792 Γ.
1403 1765 1452 1793 278.
1475 1765 1494 1791 ξ.
1510 1764 1560 1790 857.

368 1815 421 1842 (2)
442 1816 534 1842 υιυτ,
559 1815 638 1835 Tun-l
657 1816 709 1835 Cirr.
734 1815 795 1837 T.1.
821 1823 832 1841 μ
858 1814 904 1838 153.

350 1862 354 1865 “
368 1857 422 1884 (3)
444 1855 493 1878 Vid.
515 1854 572 1876 Νῦν.
591 1859 664 1877 cunm.
684 1856 772 1878 Pomm.
797 1857 817 1877 'l'
846 1855 903 1877 Vlil.
927 1861 951 1881 Γ.
966 1859 1020 1882 370·

370 1897 422 1923 (⁴)
442 1897 512 1919 Conf.
529 1894 577 1923 ejus
595 1896 717 1917 Postumi
734 1896 857 1922 physicas,
877 1898 905 1918 T.
927 1898 951 1917 ΙΙ.
973 1902 996 1922 p.
1017 1894 1066 1916 108.

368 1938 421 1966 (5)
442 1939 509 1961 Cors.
527 1938 575 1962 ejus
592 1937 884 1965 Expcrimnml-Plzysik,
907 1938 924 1958 ‘i'
952 1937 968 1957 1.
992 1943 1010 1957 s.
1027 1941 1076 1960 33².

369 1979 422 2008 (6)
444 1981 509 2002 Cuns.
531 1985 645 2005 JAcqui
657 1986 686 2005 N,
709 1979 817 2000 Lecilmk
835 1978 874 1997 dir
892 1976 1044 2003 Selics'kunde,
1069 1976 1090 2004 ς.
1106 1980 1155 2000 55¹]-

371 2020 420 2048 (7)
443 2021 510 2045 Cons.
535 2026 545 2042 τ
560 2026 699 2048 κελΛκυ,
722 2021 801 2042 Traia
816 2019 840 2040 dc
858 2019 960 2049 emmiu,
981 2020 1008 2042 Τ.
1024 2018 1040 2040 ι.
1064 2022 1087 2045 p·
1103 2019 1152 2042 323.

1943 1643 1946 1684 i
