1946 2517
574 184 1139 218 ANNOTATIO.
1516 160 1591 222 ¹41

274 291 295 310 ῃ
312 272 435 303 dibrium
459 270 560 301 debere
579 271 653 299 velis
682 269 883 306 peritioribus.
924 269 1020 308 Cuius
1049 269 1164 305 quidem
1196 268 1235 298 rei
1265 267 1474 297 confirmandae
1500 266 1590 303 gratia

274 345 293 361 „
313 324 440 360 exempla
460 331 493 351 ex
511 322 631 358 optimis
647 327 674 349 et
690 319 894 349 recentissimis
916 320 1118 356 interpretibus
1131 339 1143 355 ,
1165 319 1189 347 si
1207 319 1278 348 illud
1291 328 1368 348 nunc
1386 326 1493 355 agerem
1507 338 1517 352 .,
1538 325 1586 345 aut

275 395 294 411 „
314 375 429 404 citando
447 373 614 410 prodesset,
633 371 731 400 afferre
748 379 881 408 possem3
904 379 981 400 nunc
995 379 1062 399 vero
1076 378 1165 399 unum
1180 371 1237 399 hoc
1254 370 1403 399 monuisse
1423 368 1585 402 suffecerit,

277 445 296 461 ,‚
316 426 410 462 ipsum
436 432 722 459 scneucrrnmm,
744 421 829 457 qu'us
852 421 990 458 physicae
1009 430 1133 456 sacrae,
1161 421 1223 449 sive
1241 420 1344 449 Bibliis
1364 420 1504 449 Naturae
1517 439 1526 452 ‚
1557 425 1586 447 et

271 497 293 513 ‚‚
313 478 376 506 aliis
393 477 508 514 scriptis
523 484 568 505 tot
577 476 711 505 debemus
724 474 848 511 egregias
864 472 1097 508 dilucidationes,
1115 480 1180 501 cum
1192 473 1331 500 hominem
1341 471 1448 500 diluvii
1466 476 1584 504 testem,

273 549 293 564 ,‚
313 528 442 557 fossilem
465 528 548 557 illum
563 528 678 563 quidem
690 547 700 563 ‚
722 525 865 555 invenisse
883 524 940 554 sibi
956 523 1120 559 videretur,
1142 523 1220 559 pisce
1237 523 1335 559 aliquo
1352 531 1424 551 osseo
1438 530 1472 550 ex
1488 519 1585 548 Abdo-

269 600 289 615 „
309 581 480 614 minanam,
503 578 554 614 qui
571 578 600 607 in
620 585 678 607 arte
692 583 852 612 vocantur,
874 576 985 610 classe,
1005 582 1108 610 nempe
1127 574 1222 603 Silari
1241 574 1336 610 specie
1356 573 1424 608 illa,
1444 572 1584 600 immenso

271 651 290 667 „
312 630 405 666 capite
422 631 580 664 instructa,
602 637 673 664 quae
689 628 795 658 Glam's
817 628 941 663 dicitur,
964 627 1058 662 decipi
1080 635 1110 654 se
1127 633 1244 663 passum
1271 625 1382 660 fuisse;
1406 632 1456 652 nec
1484 630 1582 651 omnes

272 701 292 717 „
312 689 417 710 naevos
433 681 626 714 emaculasse,
641 679 691 714 qui
709 679 849 715 Belgicam
864 678 1012 706 utilissimi
1029 677 1195 712 ceteroquin
1211 676 1307 712 operis
1321 674 1582 711 interpretationem

267 752 287 769 „
307 738 335 762 et
359 732 511 761 editionem
527 731 646 760 omnino
665 729 845 758 laudabiliter
860 729 992 765 curavit,
1014 737 1232 758 LAURENTIUM
1253 736 1436 762 ΜΠΕιιυΜ,
1456 726 1497 755 V.
1521 725 1583 754 C.'’

306 803 325 818 „
344 783 390 811 Ex
412 783 499 812 altera
525 790 594 810 vero
619 786 719 817 parte,
748 788 833 816 quern
858 780 970 815 fugiat,
992 787 1129 815 quantum
1156 780 1210 807 sibi
1228 780 1400 816 praesidium
1422 776 1585 813 Theologia

269 854 290 869 ‚‚
309 839 437 870 paratum
464 832 558 861 videat
575 832 605 860 in
626 830 797 860 naturalium
824 838 918 859 rerum
940 830 1079 866 scientia,
1101 831 1208 867 quippe
1237 837 1293 866 qua
1320 838 1375 858 una
1394 830 1520 857 omnium
1542 827 1585 855 fa-

269 904 289 920 „
313 884 420 912 cillime
446 888 474 912 et
497 883 532 911 ad
561 882 786 919 persuadendum
815 881 935 910 maxime
960 881 1092 917 apposite
1118 882 1232 910 animus
1257 881 1401 909 humanus
1428 880 1462 908 ad
1483 878 1586 915 optimi

267 955 287 971 ‚,
308 933 424 963 maximi
442 933 521 970 Dei,
545 933 595 969 qui
613 939 716 962 cuncta
734 932 945 970 sapientissime
960 939 989 961 et
1011 932 1041 961 in
1062 940 1133 961 usus
1150 931 1295 960 beneficos
1311 930 1458 968 disposuit
1473 935 1500 958 et
1519 936 1589 957 con-

269 1005 290 1022 „
311 987 400 1022 didit,
421 985 593 1023 agnitionem
617 985 773 1013 adducatur
789 990 817 1012 et
833 984 1056 1013 venerationem.
1095 983 1161 1012 Hoc
1185 984 1240 1020 jam
1262 987 1469 1019 perspexerunt
1486 979 1586 1008 ocula-

268 1057 289 1073 „
308 1038 396 1066 tiores
413 1044 447 1065 ex
462 1036 620 1071 Ethnicis‚
641 1044 828 1072 socrum-ns,
851 1044 991 1072 menno,
1012 1036 1079 1072 alii3
1097 1036 1153 1065 hoc
1167 1035 1348 1064 inculcarunt
1365 1033 1463 1062 Sancti
1478 1032 1587 1060 utrius-

269 1107 292 1125 „
313 1096 371 1124 que
392 1087 526 1117 Foederis
547 1088 727 1125 scriptores3
750 1095 836 1124 atque
860 1088 963 1117 horum
988 1087 1119 1123 vestigiis
1145 1085 1313 1115 felicissime
1329 1085 1515 1118 institerunt,
1537 1083 1585 1118 qui

267 1158 289 1175 „
309 1139 337 1167 in
355 1138 520 1167 exornando
542 1145 711 1174 argumento
731 1147 784 1175 pro
805 1139 869 1170 Deo
886 1146 952 1168 vere
972 1138 1133 1173 existente,
1155 1137 1235 1173 quod
1255 1135 1583 1173 Physicotheologicum

269 1210 290 1227 ,‚
310 1189 401 1226 vulgo
430 1189 528 1224 audit,
557 1189 679 1219 feliciter
711 1189 791 1219 fuere
817 1190 942 1224 versati,
971 1195 1266 1224 NIEUWENTYDTu,
1299 1196 1397 1222 RAYr,
1430 1194 1584 1222 Lasssstu,

272 1260 293 1277 ‚,
314 1248 468 1275 sANDERt,
479 1249 637 1276 stJLzmu,
653 1248 787 1276 pamm,
800 1240 856 1269 alii.
876 1240 939 1277 Jam
958 1241 1031 1268 scire
1045 1239 1174 1275 equidem
1186 1238 1324 1274 percupio
1335 1258 1346 1272 ,
1361 1236 1431 1272 quid
1448 1235 1505 1271 sit,
1524 1243 1583 1271 quo

271 1310 292 1327 „
312 1290 505 1327 impediantur
531 1290 690 1326 Theologi‚
713 1291 870 1326 quominus
893 1290 1074 1326 disciplinam
1087 1309 1097 1324 ‚
1118 1296 1175 1318 tam
1202 1289 1308 1317 directe
1332 1288 1367 1316 ad
1385 1287 1476 1316 Deum
1497 1287 1585 1315 addu-

270 1362 292 1378 „
310 1348 434 1377 centem,
450 1341 578 1377 adeoque
596 1349 662 1369 cum
680 1350 731 1369 sua
749 1341 901 1377 disciplina
916 1342 1204 1379 coniunctissimam,
1222 1340 1267 1369 vel
1282 1340 1432 1377 diligenter
1449 1339 1582 1371 difflant,

274 1413 294 1430 „
315 1393 360 1422 vel
380 1400 429 1421 ore
452 1399 479 1421 et
496 1392 612 1428 scriptis
629 1393 762 1421 excolant
777 1400 806 1422 et
824 1394 946 1423 tradant.
986 1393 1104 1422 Perinde
1122 1392 1196 1421 enim
1213 1397 1310 1428 putem
1330 1399 1414 1426 esse,
1433 1389 1586 1418 edendisne

271 1464 291 1480 „
311 1444 392 1473 libris
405 1452 435 1472 ea
455 1444 490 1472 de
509 1451 538 1472 re
553 1443 684 1472 universe
699 1452 799 1473 omnes
817 1444 868 1480 qui
887 1446 977 1481 legere
991 1444 1102 1479 velint,
1122 1443 1240 1471 edoceas
1253 1464 1262 1478 ‚
1283 1451 1319 1470 an
1338 1441 1402 1470 viva
1415 1448 1485 1469 voce
1500 1439 1588 1468 utaris

273 1515 293 1532 „
313 1496 343 1524 in
369 1497 504 1533 panegyri
523 1498 683 1533 juvenum,
704 1496 746 1524 tui
773 1497 901 1525 audiendi
926 1494 1112 1531 cupidorum.
1152 1493 1220 1522 Nisi
1242 1492 1330 1528 igitur
1349 1492 1440 1520 dicam
1465 1489 1588 1519 scribere

273 1566 292 1583 „
311 1547 431 1576 velimus
455 1555 598 1584 PALEYO,
627 1547 840 1576 Archidiacono
866 1546 1066 1580 Carlisliensi‚
1097 1544 1176 1580 quod
1201 1551 1257 1573 tam
1289 1543 1379 1571 multa
1402 1550 1435 1572 ex
1461 1542 1583 1570 naturali

273 1617 293 1633 ‚,
313 1597 433 1626 historia
445 1598 479 1626 ad
490 1598 656 1627 Naturalem
670 1597 862 1635 Theologiam
872 1597 1098 1627 confirmandam
1109 1595 1268 1631 repetierit3
1281 1593 1337 1623 nisi
1349 1594 1465 1630 culpare
1479 1593 1581 1623 eximia

270 1668 290 1684 „
310 1649 445 1683 velimus,
463 1657 534 1684 quae
551 1657 649 1678 omnes
665 1649 817 1685 prudentes
835 1649 962 1678 unanimi
977 1657 1048 1677 voce
1062 1648 1224 1678 collaudare
1240 1648 1348 1682 solent,
1366 1655 1432 1676 'rim
1449 1652 1582 1680 oevani,

270 1718 289 1734 „
314 1706 498 1734 uuxansu,
514 1707 664 1728 schton
683 1707 885 1735 rnrsmnerc,
905 1707 1076 1729 cmuswve
1097 1699 1247 1735 Pomologi
1266 1706 1372 1734 opera,
1389 1704 1439 1725 aut
1455 1706 1585 1727 mosza-

270 1768 290 1785 ,‚
310 1757 356 1779 cu
373 1757 398 1779 et
417 1753 554 1786 namot,
577 1751 732 1787 primorum
745 1770 756 1786 ,
777 1751 828 1786 qui
851 1751 880 1779 in
908 1750 1052 1787 Hungaria
1073 1750 1231 1779 Botanicen
1250 1756 1276 1778 et
1293 1749 1511 1784 Mineralogiam
1537 1757 1584 1778 ex-

274 1820 293 1836 „
313 1802 486 1837 coluerunt,
507 1803 638 1837 illudque
657 1803 784 1831 studium
803 1802 994 1839 popularibus
1009 1801 1265 1836 commendarunt,
1286 1807 1333 1835 et,
1355 1808 1390 1828 ne
1416 1800 1511 1835 plures
1532 1800 1582 1827 ad·

273 1871 291 1886 ,‚
312 1860 459 1888 vocemus,
477 1854 550 1890 ejus,
568 1861 650 1888 quem
667 1852 789 1882 fortasse
805 1853 897 1889 primo
910 1853 976 1881 loco
991 1852 1141 1881 nominare
1152 1860 1201 1888 par
1212 1851 1317 1886 fuerat,
1333 1860 1378 1888 Jo.
1391 1859 1483 1879 FLOR.
1500 1859 1584 1879 ninu-

273 1922 292 1941 η
313 1911 449 1938 τιΝιῑτι,
468 1904 632 1932 industriam
647 1925 657 1939 ‚
680 1905 708 1933 in
718 1905 806 1934 hocce
822 1912 886 1932 cum
905 1904 1081 1938 excolendo,
1101 1910 1161 1931 tum
1182 1902 1317 1931 omnibus
1333 1902 1580 1937 commendando,

277 1972 295 1986 „
317 1954 414 1982 studio
431 1954 622 1990 collocatam3
645 1963 703 1984 non
728 1955 832 1990 video,
855 1963 941 1989 quare
959 1953 1132 1989 'fl-teologus
1158 1954 1253 1982 minus
1275 1953 1427 1981 commode
1450 1951 1582 1980 ferendus

273 2023 292 2040 „
313 2003 367 2040 sit,
392 2004 441 2040 qui
461 2005 524 2034 sine
551 2006 762 2036 intermissione
782 2014 895 2042 earum,
917 2013 1009 2041 quae,
1034 2012 1065 2034 ut
1083 2005 1209 2035 muneris
1234 2005 1280 2034 sui
1305 2011 1399 2040 partes
1418 2011 1517 2033 omncs
1540 2011 1589 2030 ex·

916 2055 938 2085 F
1497 2054 1589 2090 pltat,
