1946 2517
315 154 632 188 COMMENTATIO
655 164 697 187 AD
719 154 1020 195 QUAESTIONEM
1040 158 1382 194 PHILOSOPHICAM.
1563 173 1599 205 71

89 245 118 270 et
141 241 246 269 malum
276 241 384 268 morale
407 239 622 268 distinctionem
645 247 711 268 esse
729 238 820 275 (1);
842 238 915 268 hanc
933 240 1005 269 enim
1028 242 1096 270 oriri
1124 251 1156 272 ex
1179 243 1250 280 legis
1273 246 1391 275 notione
1413 255 1430 276 a
1455 247 1604 284 superiore

90 293 191 328 datae,
214 292 294 327 quod
314 299 373 319 non
393 291 466 319 idem
486 289 520 318 fit
543 290 572 319 in
587 289 728 319 Kantiana
753 288 877 318 Ratione
894 290 1034 321 practica.
1073 294 1216 323 Praeterea
1244 297 1460 326 distinctionem
1487 298 1600 334 quidem

86 344 166 373 illam
193 351 253 372 non
277 341 520 372 demonstratione
541 342 575 370 ad
598 341 683 370 nobis
705 341 930 376 persuadendum
951 351 1048 381 egere,
1070 345 1311 377 demonstrationi
1333 356 1426 378 tamen
1449 355 1476 377 et
1497 357 1531 378 ex
1555 357 1603 379 ve·

89 395 225 424 ritatiBus
260 393 427 422 theoreticis
451 391 616 421 deductioni
637 397 732 427 aptam
756 399 819 420 esse
840 392 915 429 (2).

126 445 216 475 Ratio
239 444 390 479 Pracstca,
412 451 484 479 quae
507 442 695 472 demonstrari
718 442 840 478 nequit,
862 451 990 480 quaeque
1016 455 1067 482 per
1086 456 1117 475 se
1134 449 1197 477 sine
1223 449 1391 479 conditione
1413 456 1439 478 et
1457 450 1555 480 existit
1575 457 1603 480 et

91 498 235 534 imperat,
258 503 302 525 est
321 495 473 524 castellum
501 494 530 523 in
549 495 610 523 aete
635 494 834 523 tantummodo
860 495 1063 532 aedificatum,
1092 505 1134 526 est
1161 501 1245 536 palus
1270 501 1454 537 inflexibilis,
1475 502 1526 530 sed
1551 503 1602 539 qui

86 546 233 580 innihilo
259 550 418 583 fundatus,
440 556 499 577 non
524 547 625 576 firmus
654 555 764 576 manere
789 553 911 583 potest,
933 555 1025 583 eoque
1057 548 1153 578 minus
1178 558 1267 586 quum
1290 552 1358 587 palo
1384 553 1605 588 suspenduntur

86 602 236 639 postulata
260 601 310 631 illa
332 599 571 629 demonstrationi
595 600 654 636 (ex
672 598 770 628 Kantii
796 598 909 633 quidem
938 599 1100 637 opinione)
1120 609 1302 637 nequaquam
1327 610 1393 638 apta
1421 605 1603 640 gravissima-

91 661 154 682 rum
180 654 354 688 veritatum,
373 653 407 680 de
429 652 483 681 Dei
512 651 623 680 scilicet
643 650 810 686 existentia,
834 650 868 678 de
891 650 1016 680 humana
1036 651 1202 689 Libertate,
1229 653 1264 681 de
1282 652 1351 682 Vita
1374 654 1485 682 futura.

125 705 216 734 Porro
246 704 322 734 bona
353 712 465 733 morum
492 703 587 741 regula
611 710 671 732 non
703 702 789 731 nobis
820 703 895 739 ipsis
927 704 1127 732 tantummodo
1153 704 1300 733 actionum
1327 705 1599 734 committendarum

85 763 135 786 aut
156 757 388 792 omittendarum
401 756 578 792 principium
602 763 665 785 esse
690 754 794 790 debet,
815 755 865 784 sed
890 763 917 783 et
935 763 989 783 nos
1006 763 1102 791 regere
1130 756 1159 784 in
1177 755 1297 785 aliorum
1322 756 1489 786 actionibus
1509 764 1599 793 aeque

85 808 296 846 dijudicandis:
325 807 468 843 imprimis
492 814 542 842 per
567 806 623 833 hoc
648 805 824 841 principium
849 805 923 834 alios
951 805 1076 835 officium
1101 806 1202 835 docere
1221 815 1310 843 posse
1329 807 1488 844 debemus,
1508 807 1596 844 idque

84 859 146 888 fieri
176 859 300 894 nequit,
334 857 424 894 quum
455 857 489 886 de
513 857 593 886 bono
616 862 664 885 aut
689 857 765 886 malo
790 857 860 886 ratio
880 857 958 886 reddi
982 865 1042 886 non
1063 863 1183 893 potest,
1212 865 1238 887 et
1264 867 1355 895 quum
1381 859 1507 896 quisque
1533 866 1602 896 pro-

86 911 152 948 prio
177 919 232 940 suo
261 913 436 949 imperativo
459 909 665 946 relinquendus
686 916 730 938 est
750 910 788 945 (3
801 909 830 945 ).

124 962 157 990 Si
182 963 218 991 ad
244 961 342 990 Kantii
369 961 501 997 dogmata
526 961 561 989 de
579 959 694 989 Virtute
717 961 916 997 attendimus,
933 960 1052 989 omnino
1082 968 1200 996 quoque
1228 962 1314 999 hujus
1339 961 1461 990 Ethicae
1482 961 1603 990 firmitas

82 1013 239 1050 spectanda
258 1014 381 1042 videtur.
424 1012 479 1041 Sed
503 1018 572 1042 tunc
592 1013 724 1048 quaestio
743 1012 877 1048 quaedam
904 1012 1015 1046 oritur,
1040 1011 1069 1040 in
1089 1011 1188 1040 Kantii
1210 1012 1325 1047 quidem
1348 1013 1449 1041 schola
1468 1013 1604 1049 reproba.

82 1071 137 1100 ta,
158 1072 290 1100 quaeque
316 1064 400 1092 etiam
424 1071 636 1099 supervacanea
659 1069 735 1092 esset
763 1063 789 1091 si
819 1062 849 1092 in
874 1062 980 1091 Ethica
1000 1062 1084 1090 unice
1111 1063 1146 1091 ad
1171 1062 1242 1090 boni
1269 1064 1383 1092 moralis
1405 1065 1491 1093 altam
1515 1065 1605 1093 nobis

82 1115 203 1146 infixam
234 1123 334 1144 vocem
368 1116 570 1144 attendendum
605 1122 699 1151 esset,
726 1122 754 1143 et
785 1113 865 1143 nulla
889 1113 962 1142 ratio
989 1113 1118 1142 habenda
1147 1113 1293 1142 firmitatis
1319 1115 1486 1150 systematis
1515 1115 1600 1152 qu'us

82 1167 225 1204 principia
248 1166 364 1196 stabilia
391 1175 452 1195 esse
479 1166 583 1195 debent
606 1172 694 1202 atque
718 1172 798 1195 certo
825 1165 1014 1195 fundamento
1040 1165 1138 1195 infixa.
1183 1165 1325 1203 Quaestio
1355 1166 1422 1195 haec
1452 1173 1512 1195 est:
1540 1167 1600 1196 Cur

81 1217 200 1247 Rationi
222 1218 368 1247 Praeticae
391 1218 508 1247 obedire
528 1218 643 1247 debeo?
671 1218 806 1247 Clamant
837 1217 974 1247 Kantiani
1006 1217 1173 1254 huiusmodi
1199 1216 1396 1253 quaestionem
1424 1218 1598 1254 absurdam,

79 1268 260 1307 ignobilem,
281 1269 398 1298 homine
421 1269 554 1297 rationali
580 1269 730 1305 indignam
753 1277 825 1299 esse.
869 1271 987 1307 Optima
1012 1278 1081 1300 sane
1108 1269 1281 1307 responsio,
1301 1270 1326 1298 si
1353 1279 1454 1300 omnes
1472 1271 1601 1300 homines

81 1327 111 1349 et
135 1319 245 1357 generis
271 1319 452 1349 nobilitatem
478 1325 505 1347 et
527 1328 596 1349 suae
622 1327 740 1350 naturae
761 1321 909 1351 rationalis
941 1322 1147 1350 sublimitatem
1176 1321 1325 1352 sentirent.
1377 1322 1432 1351 Sed
1459 1323 1604 1360 ejusmodi

81 1370 233 1407 systema,
263 1369 343 1405 quod
367 1369 402 1398 ad
430 1368 653 1397 Generalitatem
690 1376 821 1407 spectat,
851 1372 932 1408 quod
957 1372 1118 1403 Universae
1144 1373 1283 1401 humanae
1315 1378 1430 1402 naturae
1460 1382 1490 1402 se
1520 1375 1597 1410 leges

81 1420 156 1451 ferre
178 1420 348 1457 profitetur,
379 1429 448 1449 num
483 1421 682 1449 tantummodo
714 1421 853 1452 rationem
888 1423 1005 1452 haberet
1033 1424 1209 1459 optimorum
1242 1424 1413 1458 hominum,
1443 1432 1599 1460 eorumque

83 1473 135 1510 qui
150 1472 280 1502 sentiunt
300 1479 384 1507 quam
407 1471 557 1507 indignum
578 1471 618 1500 sit
634 1471 787 1501 Rationem
807 1472 937 1502 violare?
963 1473 1019 1501 Sed
1035 1481 1132 1502 nonne
1154 1473 1237 1501 etiam
1259 1473 1364 1509 vulgus
1378 1493 1388 1508 ,
1411 1474 1530 1502 maxima
1546 1473 1599 1502 ho·

83 1524 195 1553 minum
219 1531 286 1560 pars
311 1522 493 1559 spectanda?
532 1523 649 1559 Vulgus
683 1524 764 1558 quod
790 1524 985 1553 conscientiae
1011 1532 1112 1553 vocem
1137 1531 1283 1559 nunquam
1313 1524 1395 1560 plane
1414 1532 1473 1553 non
1496 1525 1597 1561 audit,

81 1575 133 1604 sed
154 1581 248 1604 tamen
270 1580 325 1602 tam
352 1572 436 1602 facile
458 1572 616 1602 obtundere
642 1579 740 1609 potest
768 1579 796 1602 et
816 1574 975 1604 dimovere.
1016 1575 1132 1612 Vulgus
1155 1575 1276 1611 pulchra
1301 1575 1448 1604 ratiocinia
1472 1575 1597 1604 fortasse

83 1625 220 1663 intelligit
249 1630 277 1654 et
302 1624 475 1660 admiratur,
499 1625 548 1652 sed
575 1632 696 1661 prorsus
723 1625 926 1662 obliviscitur,
949 1635 1038 1662 quum
1058 1627 1233 1662 commoda,
1255 1626 1393 1660 affectus,
1422 1626 1594 1662 cupiditates

81 1677 255 1714 loquuntur.
299 1674 439 1704 Profecto
464 1682 546 1712 egent
581 1675 712 1705 homines
738 1675 910 1706 fortioribus
941 1677 1228 1713 evidentioribusque
1256 1678 1292 1706 ad
1323 1677 1465 1706 Virtutem
1491 1677 1594 1706 incita-

1520 1736 1602 1757 men-

116 1809 181 1844 (ι)
203 1810 307 1836 Kantius
324 1817 425 1837 sensnm
442 1812 561 1837 moralem
576 1812 729 1845 principium
751 1812 899 1838 moralitatis
918 1804 1073 1838 constituere
1090 1817 1168 1837 vetat.
1213 1813 1328 1837 Attamen
1346 1811 1394 1837 sibi
1414 1817 1464 1837 non
1481 1817 1594 1836 constare

81 1856 199 1889 videtur,
217 1857 276 1883 dum
293 1864 390 1884 sensum
410 1858 476 1884 huuc
493 1859 612 1884 moralem
631 1866 654 1884 et
673 1859 857 1885 conscientiam
876 1865 956 1884 voces
979 1865 1031 1883 esse
1052 1858 1114 1883 dicit
1129 1857 1246 1884 Rationis
1266 1858 1398 1884 Praeticae
1417 1857 1505 1890 (Kant
1528 1857 1593 1883 illes.

81 1902 187 1930 Morum
205 1911 231 1936 p.
244 1910 311 1936 334,
329 1911 400 1938 335,
416 1911 478 1938 342.
513 1907 546 1932 V.
565 1907 666 1933 Iletnert
685 1907 752 1934 Crit.
771 1906 845 1938 Mag.
862 1906 884 1932 1.
906 1903 998 1939 ism).
1033 1905 1103 1930 Num
1122 1906 1187 1931 enim
1205 1913 1291 1938 magna
1313 1911 1349 1932 est
1369 1903 1506 1930 differentia
1530 1909 1592 1928 ‚nter

81 1949 218 1977 Rationem
237 1951 375 1977 practicam
393 1957 419 1977 et
436 1951 555 1978 Rationis
572 1953 710 1979 Praeticae
730 1959 820 1980 vocem
831 1952 844 1977 2

115 1994 176 2028 (a)
197 1996 258 2024 Ecl.
275 2004 302 2029 p.
319 2004 362 2030 95.
566 1998 630 2032 (3)
649 2000 721 2026 Haec
741 2008 798 2028 sunt
818 2002 899 2028 verba
918 2001 977 2029 Ecl.
995 2009 1023 2034 p,
1035 2001 1068 2034 96
1083 2007 1107 2026 et
1125 2007 1166 2033 ζ),
