1946 2517
413 160 729 196 COMMENTATIQ
752 170 787 191 m
809 161 1110 200 QUAESTIONEM
1131 165 1336 197 MEDICAM.
1603 172 1640 201 6r

130 245 177 274 sin
195 252 259 273 cum
279 244 403 281 synovia
417 245 606 280 conveniens,
622 244 670 282 qui
683 264 694 280 ,
706 244 741 273 ad
757 245 958 282 regurgitatam
977 246 1061 276 bilem
1083 248 1238 284 accedens,
1256 249 1323 278 huic
1341 249 1476 286 majorem
1494 251 1642 282 viscidita-

129 302 185 324 tem
204 295 361 333 conciliat;
386 302 414 325 et
431 297 531 326 exinde
548 296 689 327 vesiculae
710 296 825 325 functio
845 298 1005 327 consistere
1024 299 1137 329 videtur
1163 299 1192 329 in
1218 301 1353 330 ulteriore
1375 301 1567 332 elaboratione
1592 304 1636 333 bi-

127 347 167 376 lis
189 347 334 384 hepaticac
354 348 400 385 (a
411 349 438 387 ).

496 536 762 570 CAPUT
862 536 1275 580 QuiNTUM.

514 655 724 678 PHYSICAE
759 656 874 678 BILIS
914 658 1256 681 PROPRIETATES.

129 771 219 808 §.35.
239 738 397 800 Humor
419 774 462 798 est
485 768 621 798 viscosus
649 775 677 798 et
697 769 811 805 quidem
837 769 960 805 pertinet
986 771 1061 800 inter
1088 773 1223 801 humores
1251 771 1477 803 viscidIssImos.
1520 775 1546 804 A
1565 782 1638 804 non—

129 823 220 851 nullis
240 830 305 850 cum
326 822 471 850 albumine
485 829 604 850 ovorum
623 821 681 850 fuit
704 828 886 858 comparata,
909 825 987 857 quod
1005 829 1099 851 tamen
1124 823 1242 851 nimium
1255 843 1265 858 ,
1286 831 1350 852 nam
1368 825 1528 853 secundum
1551 825 1643 854 Credet

128 882 228 910 parum
248 880 359 902 tantum
377 872 532 900 albuminis
560 872 612 900 bili
630 872 716 901 inest.
755 873 819 910 Jam
841 872 952 901 viscida
972 872 1039 902 bilis
1067 874 1207 909 reperitur
1229 874 1260 903 in
1290 874 1390 911 foetu,
1414 876 1529 911 quando
1552 883 1645 905 caete.-

127 933 190 953 rum
213 925 330 953 excolor
353 930 381 952 et
397 923 524 952 amaritie
548 931 646 959 expers
666 930 720 952 est.
760 923 866 952 Eadem
882 923 1031 952 visciditas
1047 932 1097 959 per
1116 931 1234 953 aetatem
1256 932 1283 954 et
1308 934 1359 962 per
1380 927 1499 956 morbos
1516 934 1636 964 augetur

125 976 285 1012 plurimos.

163 1026 190 1062 S.
216 1026 263 1062 36.
304 1025 413 1053 Colore
431 1024 535 1061 gaudet
551 1024 656 1059 viridi,
677 1025 841 1060 praesertim
873 1024 902 1053 in
931 1025 1034 1054 avibus
1060 1031 1087 1053 et
1112 1026 1255 1061 piscibus,
1295 1026 1330 1056 In
1349 1028 1535 1058 mammiferis
1560 1036 1586 1058 et
1611 1030 1641 1059 in

127 1076 247 1105 homine
263 1076 388 1104 colorem
415 1075 499 1103 habet
516 1084 530 1104 e
545 1075 650 1103 flavido
670 1075 786 1103 viridem
798 1096 808 1111 ,
829 1075 980 1104 admodum
1006 1075 1184 1104 variabilem:
1209 1083 1334 1105 mutatur
1358 1078 1387 1106 in
1404 1079 1489 1107 variis
1506 1079 1615 1108 morbis
1628 1099 1642 1116 ,

123 1128 170 1156 vel
188 1126 329 1155 intensius
353 1126 387 1154 ab
410 1126 510 1154 iisdem
540 1127 686 1161 colorata,
708 1127 753 1154 vel
778 1127 902 1155 colorem
932 1126 1095 1155 dilutiorem
1123 1128 1216 1156 eadem
1241 1135 1439 1165 monstrante,
1467 1131 1513 1159 vel
1537 1130 1643 1159 iterum

124 1179 246 1207 alienum
268 1178 395 1206 colorem
412 1185 478 1212 prae
494 1185 523 1206 se
539 1177 644 1205 ferente
662 1197 673 1212 ,
694 1178 778 1214 cujus
798 1177 836 1205 rei
858 1179 988 1214 exempla
1005 1178 1125 1213 plurima
1148 1179 1227 1214 apud
1244 1180 1422 1217 patliologos
1445 1187 1569 1210 exstant·
1612 1182 1639 1210 A

120 1235 270 1267 protracto
288 1237 342 1257 usu
359 1229 564 1256 nonnullorum
586 1229 802 1257 medicaminum
821 1229 882 1266 eJ'us
903 1229 984 1258 color
1004 1229 1088 1257 etiam
1115 1236 1260 1267 mutatur,
1284 1231 1325 1260 sic
1343 1231 1377 1260 ab
1397 1231 1574 1268 hydrargyro
1592 1238 1640 1260 ru-

125 1276 377 1309 bicundo-brunea
398 1279 491 1308 evadit
514 1279 588 1317 (b).

165 1332 195 1367 §-
218 1339 269 1367 37.
309 1330 380 1359 Bilis
401 1331 523 1359 humana
544 1337 571 1359 et
597 1331 802 1367 plerorumque
823 1330 989 1360 animalium
1017 1331 1183 1360 naturaliter
1206 1333 1325 1361 inodora
1344 1339 1408 1368 est‚
1431 1332 1474 1361 sic
1497 1338 1529 1361 ut
1548 1333 1640 1368 odor,

124 1389 208 1417 quem
236 1389 333 1410 recens
362 1381 428 1409 bilis
453 1381 565 1417 spirat,
586 1381 663 1410 haud
691 1382 763 1410 alius
786 1381 848 1416 sit,
870 1389 953 1417 quam
982 1390 1066 1417 quem
1089 1383 1197 1419 spargit
1221 1384 1255 1411 de
1275 1392 1346 1412 vena
1374 1389 1500 1412 recenter
1516 1383 1640 1412 eductus

122 1431 260 1467 sanguis,
283 1438 332 1458 aut
350 1431 408 1459 vivi
425 1432 556 1458 animalis
571 1440 703 1466 apertum
721 1433 874 1459 abdomen.
915 1432 988 1459 Sunt
1008 1437 1101 1460 tamen
1122 1432 1273 1467 animalia,
1296 1440 1418 1467 quorum
1441 1433 1511 1461 bilis
1530 1434 1640 1463 varium

123 1483 215 1518 spirat
233 1482 348 1510 odorem
362 1500 374 1516 ,
393 1481 524 1518 exemplo
550 1480 617 1509 bilis
642 1480 784 1517 bovinae,
802 1480 899 1510 odoris
919 1483 1072 1518 nauseosi,
1098 1483 1253 1520 aliquando
1273 1484 1403 1513 mosschi
1420 1485 1534 1513 odorem
1560 1493 1640 1522 spar-

122 1540 216 1570 gentis
238 1533 280 1569 (c
291 1534 318 1568 ).

184 1603 194 1614 .
217 1584 266 1621 38.
307 1582 443 1620 Saporem
461 1583 545 1614 habet
562 1584 759 1613 amaricantem
786 1592 878 1620 eoque
902 1586 1036 1622 majorem
1061 1594 1119 1622 quo
1140 1587 1265 1616 adultior
1288 1593 1331 1616 est
1354 1587 1454 1618 homo.
1495 1587 1638 1618 Carnivo-

123 1636 164 1666 ris
183 1635 378 1670 animalibus,
400 1635 503 1664 avibus
529 1635 702 1671 rapacibus,
723 1641 756 1663 ut
772 1642 798 1663 et
816 1636 948 1672 piscibus
964 1638 1117 1666 voracibus
1138 1638 1312 1667 amarissima
1331 1646 1394 1668 esse
1413 1638 1502 1668 solet.
1539 1638 1635 1667 Piscis

124 1687 227 1716 Luscis‘
247 1688 315 1716 bilis
334 1687 490 1723 inspissata
512 1689 656 1724 egregium
686 1688 775 1723 hinc,
807 1690 963 1718 secundm
990 1690 1159 1725 Bona-ave,
1189 1689 1267 1718 sistit
1291 1691 1528 1719 medicamentum
1547 1690 1575 1718 in
1593 1690 1639 1717 di-

127 1739 268 1775 gestionis
290 1738 390 1773 vitiis,
412 1747 426 1766 a
449 1738 517 1766 bilis
539 1737 654 1767 defectu
675 1739 720 1767 vel
741 1739 836 1775 vitio,
856 1740 927 1768 ortis
949 1739 1031 1778 (d).

152 1819 200 1847 (a)
219 1821 256 1843 Cf.
273 1820 393 1848 Bernard,
408 1822 499 1848 Quaen.
515 1821 557 1843 511.
574 1828 597 1848 p.
613 1826 715 1848 12—17.

148 1863 198 1889 (b)
222 1862 259 1885 cf,
276 1861 442 1888 Grudelnnizen,
460 1862 671 1889 Organozoonomle‚
688 1866 707 1889 ς.
724 1867 758 1888 51.
789 1864 825 1887 cf,
842 1864 977 1885 Autenrienh
995 1864 1017 1887 in
1031 1865 1094 1886 Rcils
1108 1864 1206 1886 Archiv.
1224 1864 1250 1887 Β.
1263 1864 1282 1887 8,
1300 1864 1321 1886 h.
1336 1871 1357 1887 2-
1376 1863 1394 1892 ς.
1409 1869 1461 1890 22⁶,

148 1905 199 1931 (c)
223 1904 256 1925 Cf
281 1904 402 1928 [ὤιμην-ν,
418 1903 474 1928 Syn,
491 1903 515 1922 dc
534 1904 595 1925 (him
621 1906 647 1927 T.
664 1911 685 1932 5,
701 1912 724 1932 p,
739 1911 788 1932 3⁴5.

148 1946 161 1972 (
172 1945 204 1972 d)
220 1946 256 1969 es,
272 1945 393 1966 uictam-¹,
411 1943 514 1964 rar'xonnc'
532 1945 596 1969 univ,
610 1946 634 1967 de
651 1946 748 1971 Blatier,
764 1947 824 1968 Med.
838 1950 867 1973 Τ,
885 1955 903 1973 1,
918 1957 942 1978 p.
959 1953 1007 1976 533.

939 2064 966 2093 H
988 2073 1005 2101 3
1494 2058 1644 2092 CAPUT
