1946 2517
365 158 682 190 coafflliNTATlo
702 168 744 190 an
765 160 1066 199 QUAESTLONEM
1086 163 1300 196 PHYSICAM.
1556 175 1607 210 37-

785 245 813 280 S·
853 254 884 282 5·

352 312 569 350 Determinatio
588 320 713 349 locorum
735 320 927 350 allitudinum
950 330 1041 361 supra
1059 324 1151 352 maris
1171 324 1312 353 libellam'.

120 396 153 425 In
179 396 233 432 iis,
256 404 328 432 quae
353 395 491 426 hacteuus
517 397 550 425 de
575 398 683 425 ratione
708 397 911 426 metiendarum
939 400 1124 428 altitudinum
1150 409 1205 436 ope
1228 401 1381 430 barometri
1406 401 1480 431 dicta
1506 410 1595 439 sunt,

82 455 195 482 semper
226 447 342 482 sumsi,
370 449 467 475 eodem
496 454 622 483 tempore
649 449 678 476 in
705 455 830 484 utroque
860 449 932 478 loco'
954 451 1130 480 observatam
1157 459 1220 480 esse
1246 459 1306 481 tum
1332 452 1502 488 baromcffl,
1533 461 1594 483 tum

81 499 278 528 tliermometri
310 498 509 528 altitudinem:
533 506 616 534 saepe
643 505 735 527 tamen
759 500 882 536 accidit,
902 508 933 528 ut
951 501 980 530 in
1005 510 1064 530 uno
1086 508 1197 531 tantum
1224 504 1289 531 loeo
1316 503 1464 532 observata
1489 502 1595 535 fueritz

81 557 117 577 ne
147 549 202 577 hoc
225 557 292 577 casu
321 556 442 584 prorsus
469 548 577 576 nullius
604 557 677 577 usus
703 556 798 578 essent
835 552 906 580 tales
938 552 1172 588 observationes,
1197 554 1253 590 jam
1281 554 1345 581 inde
1370 562 1386 582 a
1415 555 1596 590 temporibus

81 599 234 628 barometri
259 599 366 628 inventi
397 600 470 628 ratio
496 601 659 636 excogitata
681 607 745 636 est,
767 601 827 635 qua
848 601 925 637 loci,
946 603 976 631 in
1003 611 1063 638 quo
1084 603 1265 632 observatum
1292 611 1385 640 esset,
1407 605 1539 635 absoluta
1555 607 1596 636 al-
1642 629 1645 632 .

83 649 177 679 titudo
206 649 347 687 cognosci
373 657 484 686 posset.
536 651 708 679 Sumebatur
737 652 811 680 enim
839 652 907 681 loco
931 653 1160 689 observationis,
1190 655 1219 683 iu
1245 656 1367 684 statione
1391 656 1525 686 inferiore
1552 657 1597 687 fa-

79 702 214 738 ciendae,
236 703 325 731 media
359 702 511 731 barometri
542 703 665 731 altitudo
693 704 728 732 ad
750 705 835 732 maris
859 704 1060 740 superficiem,
1081 712 1167 741 atque
1188 711 1247 734 tum
1275 706 1497 742 multiplicando
1516 708 1598 737 diffe-

79 753 196 782 rentiam
225 754 463 790 Iogatithmorum
493 753 742 783 barometricarum
775 756 958 784 altitudinum
996 764 1047 792 per
1075 765 1168 786 10000
1206 758 1334 792 quaesita
1365 758 1488 788 altitudo
1511 760 1596 788 hexa-

81 805 162 841 petiis
185 804 307 834 Gallicis
326 805 533 834 inveniebatur.
555 821 592 830 —·
612 805 695 834 Hanc
716 806 856 835 rationem
869 826 879 841 ‚
900 815 958 836 non
985 807 1054 836 satis
1079 814 1259 844 accuratam,
1281 808 1389 846 quippe
1407 809 1436 838 in
1455 818 1511 846 qua
1529 811 1596 839 nul-

78 857 104 884 la
131 856 235 885 caloris
255 858 327 885 ratio
353 855 493 891 habetur,
514 857 589 885 unde
608 864 692 892 saepe
718 865 826 886 errores
849 866 888 894 5ο
907 859 941 887 ad
963 868 1017 887 100
1039 859 1248 895 hexapedorum
1272 860 1456 896 oriebantur,
1476 861 1598 899 perfice·

78 915 109 936 xe
131 907 227 936 conati
254 914 323 936 sunt
348 908 502 944 praecipue
527 907 603 936 Cen.
626 907 827 938 Lindenavius
848 915 875 937 et
896 910 1088 940 Rumondius.

117 957 169 988 Ille
190 959 263 996 (1)
294 960 405 995 primus
428 959 532 987 caloris
555 959 585 987 in
610 959 670 987 aete
692 959 838 989 dilatando
867 960 999 991 effectum
1025 962 1054 991 in
1077 964 1322 1000 computationem
1353 965 1475 996 intulit:
1504 967 1591 995 deciu-

77 1019 142 1039 cere
170 1010 244 1040 enim
265 1015 388 1038 conatur
413 1010 486 1038 ae'ris
504 1018 561 1039 eam
582 1010 610 1038 in
628 1011 713 1039 maris
731 1011 829 1040 libella
852 1019 1073 1049 temperaturam
1087 1034 1096 1049 ‚
1119 1023 1192 1050 quae
1221 1016 1358 1045 convenit
1381 1024 1458 1046 certo
1479 1018 1590 1047 cuidam

76 1056 182 1091 caloris
211 1063 332 1099 gradui,
354 1062 384 1090 in
412 1062 480 1090 loco
508 1062 651 1097 superiori
676 1062 851 1099 observato,
872 1073 905 1092 ex
925 1064 1003 1099 lege,
1025 1067 1179 1094 secundam
1207 1075 1292 1102 quam
1317 1069 1395 1096 calor
1413 1077 1528 1097 sursum
1546 1070 1596 1098 de-

79 1114 201 1149 crescit3
223 1113 302 1148 quod
327 1112 536 1148 quidem‚ipse
559 1112 722 1141 harmonica
746 1114 948 1150 progressione
971 1114 1031 1143 fieri
1053 1116 1156 1152 ponit3
1187 1124 1327 1153 praeterea
1357 1119 1443 1155 hujus
1463 1120 1605 1156 progres-'

77 1165 171 1194 sionis
193 1163 317 1200 primum
340 1163 515 1198 terminum,
544 1162 605 1191 sive
627 1164 824 1199 altitudinem,
852 1165 992 1201 adquam
1020 1175 1106 1202 supra
1133 1175 1207 1196 mare
1241 1169 1467 1198 adscendendum
1499 1171 1536 1199 sit
1563 1172 1592 1200 in

77 1215 295 1251 atmosphaera‚
317 1220 351 1241 ut
369 1214 604 1242 thermometrum
622 1215 772 1243 descendat
789 1223 877 1244 unum
897 1218 1032 1254 gradum,
1054 1219 1211 1247 secundum
1228 1221 1435 1256 experimenta,
1457 1222 1491 1250 ab
1502 1223 1594 1252 Hum-

77 1267 203 1303 boldtio,
223 1266 378 1295 Saussurio
395 1271 422 1293 et
438 1265 600 1294 Ramomlio
620 1259 717 1302 facta3
749 1274 803 1296 100
819 1267 969 1303 hexapedis
995 1270 1162 1298 determinat
1187 1278 1242 1306 pro
1269 1271 1474 1301 thermometro
1501 1273 1596 1302 Reau-

82 1319 235 1355 murian03
264 1318 339 1346 unde
366 1317 519 1354 sequitur,
541 1323 757 1353 temperaturam
780 1318 808 1347 in
827 1319 913 1347 maris
941 1319 1058 1353 libella,
1089 1328 1160 1356 quae
1180 1322 1334 1351 conveniat
1361 1323 1464 1353 caloris
1496 1324 1596 1361 gradui

81 1370 109 1399 T
130 1370 286 1399 observato
310 1368 341 1398 in
357 1367 507 1398 altitudine
528 1379 546 1398 z
571 1369 779 1405 hexapedorum
803 1378 890 1406 supra
909 1379 1004 1407 mare,
1025 1380 1088 1401 esse

664 1431 971 1484 :Ta-Lm>

826 1478 880 1498 100

81 1545 163 1580 sive,
186 1543 211 1572 si
235 1550 288 1580 pto
312 1550 329 1571 z
357 1542 482 1571 sumitur
504 1543 565 1581 ejus
591 1543 694 1579 valor,
721 1551 781 1573 non
806 1545 929 1573 multum
960 1553 975 1573 a
1003 1553 1071 1575 vero
1095 1546 1226 1576 recedens
1249 1554 1344 1577 10000
1364 1547 1438 1586 Log.
1459 1525 1551 1602 Εἶθ’

625 1639 665 1658 =
687 1628 714 1657 T
733 1629 771 1666 -ξ-
793 1638 846 1659 100
866 1629 944 1667 Log.
969 1608 1045 1684 (4²7)-

77 1705 129 1735 ubi
149 1705 216 1742 (h)
236 1702 381 1741 significat
412 1703 595 1732 altitudinem
619 1703 770 1733 barometri
796 1705 824 1733 in
850 1706 935 1734 maris
966 1707 1138 1744 superficie,
1171 1716 1198 1737 et
1224 1710 1241 1737 h
1266 1711 1327 1746 ejus
1353 1711 1381 1739 in
1403 1711 1470 1740 Ioco
1493 1712 1592 1741 obser-

76 1755 203 1785 vationis
229 1755 429 1789 altitudinem,
450 1755 485 1783 ad
511 1762 614 1783 certam
641 1761 861 1791 temperaturam
892 1757 1059 1794 reductam,
1082 1768 1136 1795 pro
1162 1769 1217 1796 qua
1244 1761 1443 1790 Lr'mlcnavius
1463 1765 1592 1793 sumebat

79 1811 167 1838 ιιι-ω
187 1807 307 1835 Reaum.
329 1806 459 1843 gradum.
481 1819 516 1827 —
535 1804 567 1834 Si
586 1806 676 1843 igitur
692 1809 839 1838 commodi
857 1809 946 1846 gratia
963 1818 1107 1848 ponatur,
1131 1813 1263 1842 mercurii
1282 1815 1394 1842 eandem
1417 1822 1503 1850 atque
1518 1816 1590 1844 aeris

1548 1874 1593 1895 es·

80 1924 85 1927 ”
104 1922 159 1952 (ι)
179 1923 247 1945 conf.
265 1921 312 1948 ejus
329 1922 391 1945 Tabl.
410 1922 468 1945 Bar,
492 1929 515 1950 p.
531 1923 611 1946 XLIV.

105 1963 159 1993 (a)
173 1965 269 1987 Videtur
285 1964 352 1991 igitur
367 1969 589 1990 ιικῡιιΝΛνιυι
611 1967 633 1990 h,
648 1968 664 1990 1.
680 1973 734 1990 usus
750 1974 798 1991 esse
815 1967 954 1992 ar'thmetica
967 1970 1049 1993 caloris
1066 1970 1215 1994 diminuuone
1225 1987 1232 1999 ,
1248 1977 1313 1999 quam
1332 1977 1404 1994 tamen
1424 1973 1491 1999 vulgo
1506 1970 1589 1998 njicir.

850 2011 914 2048 Es
