1946 2517
391 164 611 196 RESPONSIO
632 173 675 196 Au
695 162 998 203 QUAESTIONEM
1020 163 1335 197 THEOLOGICAM.
1585 174 1622 203 25

110 251 152 280 rei
181 249 314 287 publicae
344 250 423 278 salus
449 249 599 285 efflagitare
622 248 771 282 videatur,
805 253 837 274 ut
861 246 1040 282 magistratui
1071 247 1151 275 civili
1181 239 1237 275 sua
1267 248 1298 276 in
1324 246 1495 276 vindicanda
1518 246 1619 275 Eccle-

107 303 166 330 siae
195 308 280 329 causa
302 300 464 328 tribuantur
484 301 561 336 jura.
598 299 681 327 Plura
705 298 776 326 hanc
806 297 834 326 in
860 305 917 325 rem
939 298 1036 326 attulit
1058 298 1178 336 Grotius
1205 299 1226 329 l.
1249 309 1275 327 c.
1308 300 1389 335 (5).

145 353 346 389 Progredunur
372 353 407 380 ad
431 353 493 388 ipsa
514 351 636 380 muneris
664 350 736 378 sacri
766 349 856 378 officia
885 350 1073 386 recensenda,
1107 358 1233 385 quorum
1259 350 1359 378 Petrus
1388 356 1491 378 nostro
1519 349 1547 377 in
1575 348 1619 377 10·

102 413 138 433 00
164 404 335 432 mentionem
366 402 445 433 fecit.
495 424 512 437 „
542 402 652 431 Pascite
684 408 797 437 gregem
833 399 897 429 Dei.
910 400 930 413 ’²
973 401 1036 438 Jam
1070 401 1099 430 in
1131 401 1318 430 annotatione
1349 401 1437 430 verbo
1472 400 1618 435 diximus,

103 455 212 484 multos
234 455 306 482 hanc
343 454 565 483 admonitionem
601 453 641 480 ita
671 451 869 487 interpretari,
901 458 933 479 ut
957 452 1052 480 omnia
1073 452 1174 480 sedulo
1197 453 1353 488 colligant,
1384 460 1457 487 quae
1490 460 1555 480 curn
1582 451 1618 478 ad

106 512 272 542 pastorem,
295 513 354 533 tum
373 506 407 533 ad
433 513 543 541 gregem
557 525 566 539 ‚
585 510 645 531 turn
664 503 745 531 etiam
759 503 793 530 ad
812 502 907 537 ipsum
929 502 1063 537 pascendi
1090 510 1164 536 opus
1189 503 1328 538 pertinere
1344 503 1496 531 videantur
1528 509 1617 536 eaque

103 559 198 587 omnia
223 559 256 586 ad
283 566 388 586 munus
415 565 525 585 sacrum
554 556 746 591 transferant3
769 561 796 583 et
825 554 921 590 negari
946 553 1067 588 nequit,
1089 553 1146 581 hoc
1174 561 1188 580 a
1213 553 1312 580 multis
1329 553 1368 581 ita
1392 553 1538 589 ingeniose
1559 552 1618 580 fac-

101 616 162 638 tum
189 618 270 644 esse,
299 615 330 637 ut
357 608 430 636 nihil
459 607 517 635 fere
542 607 700 643 excogitari
714 612 830 653 tposset
855 613 889 633 ex
920 613 948 633 re
982 605 1133 640 pastoritia
1157 605 1341 640 desumtum,
1363 606 1442 640 quod
1466 612 1524 632 non
1548 611 1618 632 cum

99 662 196 696 aliqua
222 660 371 688 ministerii
398 661 470 688 sacri
496 667 574 695 parte
602 659 751 687 commode
781 657 940 693 comparari
968 665 1055 693 posse
1081 656 1232 686 videretur.
1273 656 1321 685 Sic
1349 664 1375 684 e.
1400 664 1429 691 g.
1454 663 1559 691 pascua
1583 654 1620 683 ad

99 721 171 749 quae
199 712 264 740 duci
292 712 388 740 solent
413 719 482 739 oves
507 717 539 738 ut
564 711 702 746 pabulum
731 718 764 738 ex
798 710 834 738 iis
863 716 1019 745 quaerant,
1040 709 1176 738 nonnulli
1203 717 1237 737 ex
1261 717 1325 736 asse
1354 708 1510 737 convenire
1536 707 1618 735 dixe-

98 770 165 800 runt
203 772 268 792 00111
304 762 512 798 praedicatione
545 762 694 798 Evangelii
732 768 760 790 et
789 762 897 790 rituum
935 761 1074 790 divinitus
1113 761 1315 789 institutorum
1350 758 1617 793 administratione,

103 816 244 850 aliisque,
264 822 337 850 quae
350 815 383 842 acl
399 814 509 842 cultum
530 819 676 842 externum
697 820 724 841 et
742 807 877 842 socialem
895 812 1126 842 Christianorum
1145 800 1307 848 pertinent,
1324 817 1351 839 et
1369 812 1464 846 ipsum
1480 809 1616 838 baculum

98 866 241 902 pastorale
263 866 338 893 haud
365 864 563 901 negligendum
583 865 801 899 existimarunt,
833 865 950 893 verbum
972 864 1026 892 Dei
1046 864 1226 899 cogitantes,
1247 871 1307 898 quo
1339 870 1405 898 grex
1431 861 1617 890 Christianus

101 919 234 946 ducatur.
276 917 358 953 Quae
383 916 496 950 quidem
518 916 659 952 ejusmodi
682 922 769 951 sunt,
793 922 826 944 ut
848 924 932 944 nemo
959 923 1018 944 non
1042 922 1127 943 sanae
1152 914 1253 942 mentis
1280 906 1441 949 intelligat,
1463 921 1547 948 quarn
1572 912 1617 939 lu-

95 967 175 996 brica
201 967 238 996 rei
266 967 433 1003 propositae
461 965 657 1003 interpretatio
683 973 710 995 et
736 967 882 996 arbitraria
904 967 1056 1002 reddatur,
1087 966 1112 994 si
1136 965 1266 1001 singulae
1300 964 1525 1000 comparationis
1549 971 1614 999 par-

96 1025 139 1047 tes
168 1020 219 1048 1130
245 1020 354 1048 ratione
375 1027 550 1055 premantur.
594 1019 745 1057 Quicquid
769 1027 864 1047 autem
890 1018 930 1046 rei
959 1018 1018 1053 sit,
1047 1018 1144 1046 facile*
1159 1018 1225 1046 talia
1257 1016 1324 1045 ferri
1347 1024 1434 1051 posse
1458 1015 1612 1049 videntur,

98 1071 206 1106 modo,
229 1070 366 1099 adhibitis
391 1070 532 1106 ejusmodi
561 1071 681 1107 argutiis
710 1070 783 1098 nihil
807 1070 886 1097 aliud
911 1069 1024 1097 muneri
1051 1077 1134 1097 sacro
1159 1068 1342 1104 assignatur,
1372 1076 1455 1103 quarn
1482 1068 1561 1103 quod
1581 1075 1617 1096 ex

96 1121 198 1150 Sacrae
221 1121 383 1157 Scripturae
411 1123 540 1151 doctrina
576 1122 694 1150 omnino
730 1122 764 1149 ad
789 1120 862 1148 illud
896 1119 1037 1156 pertinere
1071 1119 1244 1148 censendum
1277 1125 1332 1146 est.
1380 1119 1467 1148 Absit
1490 1126 1557 1147 vero
1582 1123 1614 1146 ut

94 1173 258 1207 credamus,
286 1173 368 1207 ipsos
395 1181 493 1201 530105
519 1173 680 1208 Scriptores
708 1173 838 1209 tropicae
868 1172 1006 1201 dictionis
1032 1180 1088 1200 1150
1111 1172 1193 1200 talem
1216 1179 1317 1199 sensus
1347 1171 1501 1198 ubertatem
1529 1177 1610 1205 spec-

92 1225 208 1253 tavisse.
252 1224 314 1252 Suo
336 1225 403 1252 loco
428 1225 535 1253 relictis
560 1226 624 1253 aliis
650 1225 783 1254 formulis
806 1233 840 1252 ex
867 1232 896 1252 re
925 1223 1075 1259 pastoritia
1099 1223 1282 1258 depromtis,
1308 1229 1381 1256 quae
1404 1221 1472 1249 alibi
1499 1221 1533 1248 de
1551 1228 1613 1248 mu-

91 1283 158 1304 nere
182 1283 265 1304 sacro
289 1276 477 1311 adhibentur,
508 1282 608 1304 nostro
635 1282 713 1305 certe
745 1276 812 1304 1000
845 1275 959 1304 Petrum
991 1282 1111 1304 suorum
1150 1274 1247 1311 ipsum
1283 1273 1435 1303 verborum
1472 1273 1611 1301 habemus

92 1327 295 1363 interpretem,
319 1327 369 1363 qui
394 1328 586 1356 admonitioni
608 1327 764 1357 universali
794 1328 948 1363 ποιμάνατε
977 1338 1005 1356 κ.
1029 1339 1056 1356 τ.
1079 1334 1109 1356 λ.
1132 1333 1200 1354 mox
1225 1325 1378 1361 subjungit
1403 1325 1611 1356 ἐπισκοποῦντες

98 1389 125 1408 κ.
146 1391 175 1408 τ.
197 1386 228 1409 λ.
249 1393 286 1400 -
306 1379 386 1416 Quid
411 1381 564 1409 ἐπισκοπεῖν
586 1379 642 1407 hoc
674 1379 741 1407 loco
766 1380 905 1415 denotet,
928 1377 1071 1406 monitum
1099 1384 1144 1406 est
1167 1377 1197 1405 in
1217 1377 1437 1410 Annotatione3
1462 1383 1547 1411 quarn
1572 1375 1613 1402 la·

93 1434 121 1460 te
145 1437 212 1458 vero
238 1436 331 1465 pateat
356 1429 494 1464 requisita
519 1429 576 1458 hoc
598 1430 751 1458 enunciato
779 1437 868 1465 cura,
900 1430 1048 1465 quomodo
1074 1428 1250 1458 instituenda
1277 1428 1316 1456 sit
1338 1433 1364 1455 et
1389 1427 1496 1462 quibus
1525 1425 1612 1461 parti-

93 1480 147 1508 bus
171 1480 358 1515 absolvatur,
387 1481 474 1516 paulo
501 1480 667 1509 distinctius
692 1480 784 1508 adhuc
802 1482 999 1516 exponendum
1025 1487 1081 1510 est.
1121 1480 1267 1508 Nimirum
1292 1479 1345 1507 hac
1370 1478 1494 1506 formula
1513 1479 1610 1507 omnia

95 1531 168 1561 sacri
195 1531 345 1560 ministerii
372 1531 463 1560 ossicia
489 1533 630 1561 contineri
654 1532 817 1567 credimus3
848 1532 927 1567 quod
958 1531 1092 1567 quidem,
1121 1532 1188 1559 licet
1214 1531 1309 1559 nullae
1338 1529 1385 1557 hic
1413 1529 1487 1557 sacri
1512 1537 1612 1557 mune-

94 1583 134 1610 ris
159 1588 253 1617 partes
275 1582 410 1612 distincte
439 1589 656 1618 recenseantur,
687 1583 764 1612 haud
791 1589 894 1611 temere
918 1590 1012 1612 tamen
1036 1583 1122 1612 nobis
1148 1576 1359 1611 assumendum'
1380 1579 1513 1615 videtur,
1541 1587 1609 1608 cum-

90 1641 126 1665 011
149 1634 211 1670 ipsa
234 1634 359 1663 muneris
383 1635 456 1663 sacri
479 1635 576 1663 indole
601 1642 628 1663 et
644 1636 782 1664 *consilio
810 1635 969 1669 universo,
992 1642 1053 1662 turn
1082 1642 1117 1662 ex
1145 1633 1340 1668 frequentiore
1363 1639 1454 1666 eoque
1477 1631 1534 1659 late
1560 1639 1610 1666 pa·

89 1685 160 1714 tenti
183 1693 239 1714 usu
260 1685 338 1714 verbi
360 1687 533 1722 ἐπισκοπεῖν,
557 1693 616 1714 tum
644 1687 766 1721 denique
791 1693 825 1713 ex
855 1685 989 1714 universa
1014 1685 1154 1713 orationis
1183 1684 1264 1713 serie.
1286 1699 1324 1707 -
1343 1682 1488 1720 Quaenam
1515 1689 1610 1710 autem

92 1746 174 1766 sacro
200 1738 306 1769 muneri
332 1739 447 1774 propria
470 1739 587 1767 dicenda
617 1738 676 1766 sint
700 1738 812 1773 officia,
841 1746 874 1767 ex
899 1736 971 1765 10015
1005 1743 1151 1764 5301010111
1179 1734 1353 1770 scriptorum
1382 1741 1470 1768 supra
1499 1733 1529 1761 in
1554 1732 1607 1761 ln-

89 1788 272 1818 troductione
294 1789 404 1823 allatis,
431 1789 511 1816 facile
540 1789 715 1816 afficiendum
745 1794 891 1823 putamus.

128 1838 173 1866 Ex
196 1838 240 1866 his
266 1839 353 1874 igitur
379 1839 567 1876 intelligitur,
591 1840 731 1868 ministris
762 1837 908 1866 Ecclesiae
934 1836 1070 1872 antiquae
1092 1836 1243 1865 ordinariis
1268 1836 1465 1864 demandatum
1491 1834 1605 1870 fuisse,

85 1892 315 1928 prinmm‚wut
350 1890 508 1919 doctrinam
548 1890 741 1919 Christianam
776 1890 848 1918 31105
881 1890 1059 1924 edocerent,
1096 1897 1314 1924 caverentque,
1354 1897 1389 1917 ne
1423 1888 1504 1916 falsis
1542 1889 1608 1924 opi·

90 1940 207 1969 nionum
243 1941 429 1970 humanarum
461 1944 645 1972 commentis'
673 1943 907 1972 commisceretur
930 1960 941 1975 ,
979 1940 1028 1969 sed
1064 1948 1131 1968 sana
1169 1946 1196 1968 et
1228 1941 1335 1976 integra
1369 1945 1604 1973 conservaretur,

1517 1989 1604 2023 dein,

118 2057 188 2094 (5)
214 2059 278 2087 Vid.
298 2067 322 2086 01
342 2062 380 2090 D.
396 2060 542 2094 Illa-stingh,
559 2062 589 2088 de
602 2062 663 2094 jure
680 2063 768 2087 summi
784 2061 936 2094 imperantis
953 2061 1023 2086 circa
1039 2059 1134 2086 cultum
1152 2060 1312 2091 rel1'gi0sum‚
1333 2058 1478 2090 Groningae
1498 2062 1523 2088 17
1529 2062 1571 2088 59.

906 2106 936 2136 D
