1946 2517
336 186 377 208 πο
508 170 566 174 ’“
760 166 1380 207 J.CL'A'RISSE;

333 261 650 302 'unrocum-im,
678 262 877 295 Medicorum
897 260 995 292 veluti
1012 266 1190 303 parentem,
1213 258 1439 291 communibus
1462 259 1608 291 omnium
1636 258 1796 302 suffragiis

343 325 405 357 hoc
427 323 532 366 elogio
557 320 682 357 ornari,
712 325 766 349 aut
794 327 998 349 camanum
1022 322 1052 347 et
1080 326 1260 353 cnrsum,
1289 314 1339 345 vel
1367 315 1393 345 si
1419 316 1607 347 recentiores
1634 315 1723 346 malis
1747 326 1798 346 re·

343 380 480 418 censeri,
511 385 804 410 BoznflAva,
838 374 1063 413 [HALLERUM
1081 394 1089 409 ‚
1127 382 1348 403 cunm—:mum
1365 394 1375 409 ‚
1413 382 1799 410 nnenms'rnm‘rmu,

342 444 577 470 REILLIUM,
616 439 912 467 non-venenum,
949 437 1163 469 magnumque
1191 428 1259 467 ejus
1286 426 1501 469 discipulum,
1529 433 1649 468 patrem
1674 429 1800 465 Tuum,

341 493 388 523 mi
423 498 595 526 οΕῡΝει,
639 484 832 528 Dynamicae
873 484 1006 514 rationis
1035 485 1117 515 inter
1148 491 1303 515 nostrates
1333 491 1506 521 statorem,
1546 484 1645 524 alios,
1683 486 1800 527 partim

341 547 446 579 adhuc
478 544 648 582 viventes,
687 548 723 573 ut
751 542 890 577 mittam,
931 550 997 570 non
1029 539 1196 571 historicae
1230 547 1351 570 tantum
1383 546 1413 571 et
1441 541 1627 582 empiricae,
1658 540 1714 572 sed
1750 550 1800 571 ra.

342 601 453 633 tional-i
489 610 620 643 quoque
654 604 686 629 et
721 595 930 640 philosophae
958 596 1033 626 artis
1068 601 1100 626 et
1135 596 1311 636 cognitioni
1344 601 1375 625 et
1407 595 1497 637 praxi
1537 605 1666 637 operam
1700 593 1803 625 dedis-

339 658 395 690 se?
439 658 528 697 Quos
556 656 666 692 Viros,
695 653 785 683 omni
811 651 903 683 laude
925 651 1078 692 majores,
1109 651 1232 681 utinam
1267 651 1367 681 nostri
1395 649 1494 682 futuri
1527 650 1642 682 Medici
1666 660 1802 693 sequan-

343 721 396 745 tur
421 720 452 744 et
477 708 657 742 imitentur!
703 706 844 744 Habent,
875 713 997 749 praeter
1015 716 1066 742 ea,
1091 717 1171 746 quae
1204 705 1298 736 modo
1322 707 1590 743 commemoravi,
1621 705 1803 737 studiorum

341 769 522 811 adjumenta
551 765 699 808 egregia,
731 764 955 794 Nosocomium
984 762 1078 792 etiam
1103 761 1271 797 Clinicum,
1305 759 1380 793 ubi,
1411 759 1547 791 ducibus
1573 762 1658 792 Viris
1687 761 1802 793 Claris-

323 826 436 857 'simis
465 820 772 865 expertissimisque,
803 824 835 849 et
861 818 979 848 variam
1010 827 1178 858 aegrorum
1211 816 1428 847 conditionem
1460 815 1627 858 diligenter
1653 816 1805 848 observa-

343 892 377 912 re
402 882 611 923 possuntset
636 875 670 906 in
693 874 783 917 praxi
807 872 942 910 Clinica,
964 873 1031 904 sive
1053 873 1196 909 interna,
1228 872 1294 902 sive
1319 870 1522 913 Chirurgiea‚
1546 872 1613 903 sive
1638 871 1716 903 adeo
1738 872 1805 904 ob·

343 936 495 972 ste-tricia,
528 932 650 976 aliquid
674 937 819 968 tentare,
855 934 996 960 veterum
1022 934 1053 959 et
1077 929 1290 960 recentiorum
1323 925 1472 958 medendi
1505 928 1660 959 rationem
1685 939 1806 971 cogno·

341 1003 446 1030 scere,
468 989 600 1033 pristina
626 994 656 1019 et
671 997 756 1018 nova
781 985 863 1015 inter
885 995 918 1015 se
939 995 1148 1027 componere,
1172 983 1295 1014 dudum
1323 982 1454 1025 probata
1474 990 1635 1026 repetere,
1655 995 1805 1027 quaeque

347 1057 458 1080 recens
483 1046 613 1076 inventa
630 1049 726 1079 sunt,
750 1040 801 1072 vel
823 1040 1108 1078 commendantur,
1140 1038 1290 1082 prudenti
1312 1039 1452 1069 examini
1472 1038 1639 1081 subjicere.
1682 1051 1704 1071 o
1724 1039 1805 1071 Feli·

346 1113 415 1135 cem
436 1107 561 1132 nostrae
584 1097 764 1130 :iuventutis
774 1119 788 1135 ,,
806 1096 867 1127 hoc
882 1097 975 1127 etiam
992 1096 1026 1126 in
1040 1105 1175 1137 genere,
1193 1092 1426 1126 conditionem!
1449 1104 1469 1124 o
1483 1094 1599 1126 Felices
1611 1105 1685 1134 eos,
1708 1096 1808 1128 sua-si

341 1158 426 1190 bona
448 1154 577 1188 norint!

358 1289 362 1292 -
387 1270 436 1300 De
459 1264 708 1309 Jurisprudentz'a
734 1269 769 1295 ut
791 1262 895 1294 dedita
926 1272 1019 1305 opera
1037 1271 1243 1299 moneamus,
1267 1261 1322 1292 vix
1340 1271 1421 1304 opus
1438 1271 1504 1292 esse
1525 1260 1678 1293 videatur.
1721 1265 1807 1296 Nam

345 1338 383 1358 ex
415 1335 479 1356 una
505 1323 635 1366 quidem
664 1328 751 1364 parte
780 1322 879 1363 ipsam
902 1321 1039 1361 Legum,
1062 1319 1128 1349 sive
1151 1318 1355 1359 antiquarum
1385 1319 1452 1348 sive
1475 1328 1652 1357 novarum,
1676 1319 1808 1351 harum-

347 1392 410 1425 que
438 1382 504 1411 sive
537 1379 709 1422 patriarum
737 1379 803 1408 sive
832 1376 1042 1411 exoticarum‚
1065 1374 1281 1416 cognitionem
1317 1385 1373 1416 per
1404 1384 1436 1404 se
1465 1375 1594 1417 quidem
1627 1386 1713 1407 mere
1737 1387 1807 1410 esse

344 1437 548 1474 historicam,
569 1437 643 1478 quis
668 1444 735 1464 non
762 1432 887 1464 videat?
908 1432 1046 1474 scriptae
1069 1432 1155 1461 enim
1182 1435 1271 1466 sunt,
1295 1435 1327 1460 et
1353 1440 1419 1460 non
1442 1433 1575 1472 scriptae
1593 1431 1682 1463 reddi
1711 1444 1733 1464 a,
1748 1446 1806 1467 ne·

345 1495 432 1524 mine
462 1497 608 1535 possunt.
651 1490 869 1521 Constitutum
902 1488 998 1530 igitur
1027 1487 1081 1529 jus
1107 1492 1141 1517 et
1173 1487 1326 1528 scriptum
1358 1497 1407 1517 res
1435 1493 1481 1517 est
1513 1488 1545 1518 in
1579 1486 1663 1520 facto
1689 1491 1806 1533 posita,

351 1549 456 1590 Hujus
479 1547 608 1578 scientia
634 1546 691 1588 qui
714 1551 834 1581 careat,
865 1543 1019 1586 quicquid
1044 1542 1105 1573 sibi
1132 1542 1389 1585 philosophando
1418 1542 1562 1574 videatur
1586 1548 1732 1588 assequi,
1767 1548 1809 1580 ir.

344 1604 412 1635 lum
443 1613 539 1634 nemo
567 1611 711 1644 unquam
737 1602 874 1643 peritum
902 1601 984 1630 suris
1011 1599 1169 1631 salutabit.
1216 1600 1326 1641 Quin,
1350 1599 1468 1641 quibus
1492 1601 1670 1632 istiusmodi
1700 1602 1808 1636 Philo.

350 1659 495 1702 sophiam
523 1659 608 1689 Juris
638 1656 798 1688 inierdum
823 1656 978 1698 placuisse
1002 1656 1175 1692 novimus,
1200 1654 1246 1685 illi
1275 1655 1524 1688 absurdissimis.
1551 1661 1587 1686 ut
1613 1656 1807 1700 plurimum,

353 1715 541 1747 commentis
566 1720 599 1745 et
629 1714 819 1756 opinionum
842 1712 993 1743 monstris
1016 1710 1177 1753 fingendis
1198 1712 1380 1754 turpissime
1407 1722 1440 1741 se
1474 1722 1547 1742 cum
1576 1723 1809 1750 ROUSSAvm

351 1773 518 1805 dederunt.
565 1773 687 1813 Atqui,
710 1781 746 1802 ex
773 1770 866 1801 altera
892 1776 996 1812 parte,
1020 1779 1087 1800 non
1112 1768 1211 1809 magis
1240 1766 1444 1809 negandum,
1469 1770 1615 1810 quisquis
1640 1781 1707 1802 non
1736 1783 1808 1804 cor·-

352 1830 443 1860 tirem
468 1826 691 1858 lantummodo
711 1826 848 1856 lambere
877 1826 1002 1868 cupiat,
1027 1824 1196 1866 literaeque
1224 1826 1341 1865 Legum
1372 1824 1553 1859 inhaerere,
1587 1824 1643 1855 sed
1666 1827 1731 1857 vim
1758 1839 1810 1860 ea-

355 1897 426 1916 rum
452 1895 621 1926 veramque
652 1884 806 1914 rationem
832 1882 1021 1924 intelligere,
1045 1893 1117 1913 eum
1128 1904 1143 1918 ‚.
1164 1887 1199 1910 ut
1214 1878 1255 1909 ab
1278 1879 1446 1916 Historiae,
1469 1879 1692 1921 Aiuiquitatis,
1719 1885 1811 1915 Criti-

353 1951 405 1972 ees
436 1947 466 1971 et
494 1942 775 1979 nermeueutoees‚
811 1940 851 1971 ita
878 1946 909 1971 et
935 1949 953 1970 a
981 1936 1201 1980 Philosophiae
1232 1934 1387 1977 probabili
1420 1936 1549 1966 scientia
1574 1938 1807 1978 paratissimum

1767 2006 1816 2027 ee,-
