1946 2517
301 176 342 203 ια
608 161 980 199 GUILIELMI
1039 152 1514 195 WEth'tenactr

312 259 387 289 test,
408 252 448 281 ita
467 256 500 280 ut
516 251 578 289 ejus
602 250 727 279 densitas
751 254 904 285 augeatur:
927 251 1043 274 necesse
1061 249 1105 271 est
1123 243 1231 282 igitur,
1251 253 1340 281 quum
1361 245 1450 275 imum
1469 247 1542 275 aeris
1560 250 1681 276 stratum
1701 246 1812 283 ponde‹

314 313 345 334 re
364 304 455 334 totius
472 302 575 339 reliqui
590 301 661 330 aetis
682 305 848 337 prematur,
870 305 901 325 ut
915 297 971 325 hoc
990 295 1120 324 infimum
1141 303 1264 332 stratum
1280 298 1369 334 tnagis
1389 306 1605 334 compressum,
1626 305 1653 327 et
1671 298 1737 327 hinc
1749 319 1760 334 ,
1780 302 1812 326 ut

313 357 432 387 densius
457 356 515 390 sit,
539 362 623 390 quam
650 352 745 382 omnia
773 349 921 386 sequentia
945 354 1050 384 strata,
1080 354 1169 383 utque
1190 348 1279 385 igitur
1299 348 1424 377 densitas
1449 349 1520 378 aeris
1540 349 1606 378 inde
1632 357 1647 378 a
1666 349 1816 386 superficie

310 409 398 439 maris
422 414 538 436 sursum
558 406 711 434 decrescat.
759 401 854 439 Quam
880 399 967 437 igitur
986 400 1075 435 legem
1106 399 1238 434 sequitur
1263 399 1331 428 haec
1352 400 1505 429 diminutio
1528 400 1700 430 densitatis?
1735 401 1816 430 Hanc

309 459 395 497 primi
419 458 580 487 indicarunt
603 453 744 490 Baylius,
770 452 905 488 Anguis,
931 456 959 478 et
985 449 1180 486 Manatum,
1201 449 1327 486 Gallus,
1352 459 1367 480 a
1390 459 1449 486 quo
1473 451 1632 487 posteriore
1653 456 1754 480 vocata
1771 456 1816 480 eat

314 511 359 539 lex
384 509 607 538 Mariottiana:
628 505 658 534 hi
682 504 749 534 scil.
770 502 1026 540 experimentorum
1053 506 1110 536 ope
1131 500 1323 537 invenerunt‚'
1341 503 1434 537 spatia
1455 502 1490 530 ab
1507 502 1569 531 aete
1595 507 1737 538 occupata
1754 509 1817 530 esse

312 562 343 590 in
358 560 467 589 ratione
480 559 591 588 inversa
606 556 789 594 pressionum
803 575 814 591 ‚
835 553 943 590 quibus
962 552 1102 595 afficitur-3
1121 553 1171 582 sed
1183 559 1253 582 sunt
1268 553 1421 582 densitates
1439 553 1548 583 ratione
1565 553 1677 582 inversa
1693 552 1820 582 volumi-

315 621 411 648 num;
434 611 524 649 igitur
547 609 673 640 densitas
696 608 767 637 ae'ris
788 614 898 644 semper
923 604 1154 642 proportionalis
1171 608 1214 632 est
1235 604 1400 640 messioni,
1423 612 1508 639 quam
1524 605 1649 634 sustinet
1670 604 1710 641 (1
1723 604 1753 641 ),

349 664 448 698 Atque
468 662 587 698 cognita
611 661 664 690 hae
680 660 740 696 lege
761 661 818 696 iam
837 663 942 693 sponte
964 665 1016 685 sua
1039 662 1180 692 apparet,
1201 656 1349 691 quomodo
1367 663 1402 683 ex
1427 654 1586 683 observatis
1603 654 1757 683 barometri
1777 655 1819 683 al-

312 714 487 745 titudinibus
509 712 611 742 deduci
637 717 724 748 queat
751 711 904 745 locorum,
931 708 962 737 in
988 707 1106 744 quibus,
1123 707 1306 736 observatum
1338 705 1445 741 fuerit,
1471 705 1594 734 altitudo
1622 713 1710 742 supra
1735 691 1820 735 maris

311 764 491 802 superficiem
516 769 545 792 et
566 771 653 799 supra
682 770 714 791 se
743 761 877 790 invicem.
924 760 981 790 Est
1001 760 1077 789 enim
1101 759 1316 794 barometrum,
1337 758 1417 794 quod
1439 756 1546 787 indicat
1569 757 1746 793 pressionem
1770 764 1820 786 co-

310 817 424 846 lumnae
446 816 558 844 aeteae:
580 814 671 851 igitur
692 819 804 842 tantum
832 819 907 848 opus
932 817 996 846 est,
1016 816 1049 839 ut
1066 818 1102 839 ex
1125 810 1171 839 his
1192 810 1266 838 datis
1289 810 1452 838 innotescat
1468 807 1541 837 ratio
1560 807 1633 837 inter
1656 806 1825 836 diminutio·

313 876 365 899 nes
386 866 545 904 pressionis
568 865 660 901 aeris,
680 865 712 895 h.
730 872 757 893 e.
778 863 853 892 inter
876 862 1050 890 mercurialis
1073 862 1224 890 columnae
1248 861 1279 890 in
1300 861 1462 897 baronietro
1480 860 1652 894 descensus,
1674 865 1702 887 et
1720 858 1818 887 altitu-

313 920 396 950 dines
413 919 565 953 locorum,
585 917 616 946 in
636 917 743 953 quibus
763 915 793 944 hi
813 915 968 943 descensus
985 913 1131 943 observati
1155 919 1236 942 sunt.
1255 924 1295 933 —
1318 911 1400 949 Quae
1416 917 1448 939 ut
1466 910 1628 940 inveniatur
1645 911 1730 950 (2),
1750 908 1825 938 divi·

317 978 378 1000 sam
394 969 479 998 nobis
495 968 636 1005 fingamus
656 966 883 1004 atmosphaeram
899 966 929 993 in
944 970 1033 993 strata
1048 966 1128 994 a'erea
1143 964 1266 1002 ejusdem
1279 985 1291 1000 ‚
1313 964 1367 992 sed
1379 969 1435 992 tam
1452 964 1569 999 exiguae
1584 961 1767 996 altitudinis,
1789 967 1823 990 ut

315 1022 441 1055 densitas
461 1021 605 1059 cujusque
629 1020 710 1049 strati
730 1017 838 1047 censeri
859 1016 954 1053 possit
973 1016 1068 1044 eadem
1095 1023 1158 1044 esse
1173 1022 1225 1051 per
1243 1021 1336 1044 totum
1352 1015 1425 1044 illud
1440 1020 1583 1049 stratum,
1606 1020 1692 1048 atque
1711 1017 1825 1041 tantum

315 1073 426 1111 diversa
443 1071 478 1100 ab
494 1079 553 1100 uno
568 1076 658 1099 strato
673 1070 709 1098 ad
722 1070 838 1098 alterum
850 1076 861 1097 ε
881 1069 1018 1096 denotent
1037 1076 1077 1102 x,
1098 1074 1158 1101 εκ,
1179 1074 1237 1102 ax,
1255 1074 1297 1102 4³:
1317 1084 1453 1096 .....
1475 1073 1517 1093 nx
1537 1062 1703 1092 disstantias
1726 1054 1826 1091 eorum

314 1123 427 1152 basium
442 1131 458 1152 a
473 1121 624 1158 superficie
637 1122 722 1150 maris
733 1140 745 1156 ‚
765 1126 793 1149 et
813 1120 843 1149 H
855 1140 866 1156 ‚
887 1119 944 1154 H',
966 1118 1012 1147 H¹¹
1035 1135 1173 1148 .....
1196 1115 1348 1144 barometri
1363 1114 1547 1149 altitudines,
1568 1113 1590 1143 i.
1607 1121 1633 1144 e.
1654 1112 1819 1149 pressiones

315 1175 390 1206 ae'ris
414 1174 445 1203 in
464 1172 578 1210 singula
600 1172 735 1208 deinceps
761 1177 869 1207 strata,
892 1170 957 1199 inde
975 1178 991 1198 a
1011 1168 1165 1205 superficie
1182 1165 1285 1196 maris:
1307 1165 1359 1195 erit
1380 1165 1510 1195 H--H‘
1526 1164 1650 1194 altitudo
1675 1164 1827 1194 columnae

319 1225 518 1263 mercurialis,
539 1225 623 1262 cuius
647 1223 764 1260 pondus
790 1221 967 1259 aequipollet
982 1218 1104 1256 ponderi
1121 1219 1271 1247 columnae
1290 1216 1361 1246 aeris
1385 1216 1513 1253 aequalis
1531 1216 1654 1252 baseos,
1681 1215 1766 1253 cujus
1787 1215 1829 1244 al-

321 1277 420 1306 titudo
440 1282 483 1305 est
503 1285 539 1302 =
557 1282 598 1303 x:
619 1274 669 1302 sed
689 1280 757 1303 sunt
769 1273 923 1302 densitates
940 1271 1059 1300 duarum
1076 1270 1278 1299 columnarum
1297 1269 1435 1313 (aequales
1461 1268 1564 1297 baseos
1592 1273 1678 1303 atque
1699 1266 1827 1309 ejusdem

317 1327 453 1365 ponderis
482 1325 592 1355 ratione
614 1325 726 1354 inversa
747 1322 927 1352 altitudinisz
957 1322 982 1351 si
1005 1321 1095 1358 igitur
1113 1321 1141 1350 D
1162 1321 1306 1358 significat
1330 1320 1499 1350 densitatem
1522 1318 1594 1349 aeris
1617 1319 1648 1349 in
1670 1318 1730 1348 imo
1755 1324 1831 1347 stra-

317 1385 370 1417 to,
391 1384 513 1409 sumtam
535 1375 726 1412 uniformem,
747 1383 801 1412 pro
828 1373 967 1403 densitate
987 1371 1121 1401 mercurii
1139 1381 1176 1400 =
1200 1381 1213 1402 1
1226 1392 1238 1408 ‚
1261 1371 1317 1401 erit

862 1437 890 1466 D
911 1445 920 1465 t
944 1443 957 1465 1
978 1443 1020 1463 =
1039 1436 1069 1466 H
1089 1435 1209 1465 —H't
1232 1444 1254 1464 x

761 1513 836 1542 unde
930 1510 958 1540 D
978 1517 1018 1537 =
1037 1496 1250 1564 }(H“H‘)

358 1606 414 1634 Est
438 1612 524 1641 porro
545 1603 704 1632 seeundum
722 1602 813 1638 legem
833 1599 1050 1630 Mariottianam
1076 1599 1172 1628 eadem
1191 1598 1260 1628 haec
1287 1597 1414 1628 densitas
1432 1596 1660 1635 proportionalis
1684 1596 1831 1638 pressioni

320 1656 349 1687 H
361 1676 372 1694 ‚
393 1657 482 1693 igitur
501 1656 590 1685 simul

935 1689 963 1718 D
983 1698 1020 1717 =
1039 1687 1120 1724 CH,

320 1760 344 1789 si
366 1758 394 1788 C
422 1757 552 1794 designet
575 1756 798 1791 coEfficientem‚
819 1763 892 1791 quae
913 1755 1008 1784 eadem
1033 1751 1159 1783 manebit
1183 1759 1236 1789 pro
1262 1751 1398 1782 omnibus
1425 1750 1542 1781 stratis:
1564 1757 1598 1779 ex
1623 1749 1730 1786 quibus
1754 1749 1829 1779 duo·

319 1809 372 1840 bus
392 1809 538 1839 valoribus
563 1808 731 1845 quantitatis
753 1808 779 1836 D
801 1807 932 1843 sequitur

1775 1862 1833 1894 c11

349 1971 398 1999 (r)
422 1969 492 1992 conf.
512 1974 535 1991 v.
555 1974 665 1992 nwrnn.
688 1970 705 1991 1.
720 1976 741 1992 t.
764 1969 793 1991 Τ.
809 1967 837 1990 11.
857 1973 882 1996 p.
899 1971 947 1994 ¹³9.
971 1966 993 1995 ς.
1009 1965 1143 1999 ρει-466.

350 2010 399 2039 (ι)
421 2010 507 2039 Cous„
523 2015 589 2038 quem
604 2011 648 2033 hoc
665 2011 717 2036 loeo
733 2010 853 2040 praecipue
869 2014 959 2033 secutus
976 2014 1042 2037 eum,
1061 2013 1147 2034 uror,
1165 2005 1242 2029 Tabln
1257 2004 1468 2032 Baromtmorm.
1486 2002 1554 2027 hrls·
1572 2004 1636 2025 1⁸¹¹·
1657 2007 1683 2029 v·
1700 2006 1709 2023 Ι
1727 2006 1750 2023 ²¹
1762 2006 1824 2029 ⁸⁰³!-
