1946 2517
322 184 343 213 6
606 173 1499 211 τΕΰΘΕ-ΝῙῙΠΑἿῑΒΒ·

369 265 533 300 Antequam
561 267 655 290 autem
677 262 714 290 ad
740 260 863 296 plantam
890 259 1034 287 evolutam
1063 258 1213 294 accedam,
1241 258 1365 288 breviter
1390 259 1530 289 nonnulla
1553 267 1667 289 monere
1692 259 1726 290 de
1749 265 1828 289 statu

330 323 359 345 et
382 316 442 344 vita
467 322 532 344 ante
558 312 767 346 maturitatem,
797 317 897 346 nempe
922 309 960 338 de
984 308 1218 346 Germinatione,
1247 318 1307 339 non
1333 310 1433 339 inutile
1463 310 1531 339 mihi
1563 312 1697 347 videtur,
1729 318 1760 340 ut
1785 312 1829 340 sic

327 373 446 406 pateat,
481 372 586 401 quanta
610 364 650 392 sit
672 361 829 391 differentia
854 369 1009 397 processus
1031 361 1199 390 nutritionis
1224 361 1252 390 in
1273 361 1386 390 duabus
1406 362 1488 390 hisce
1505 362 1642 397 periodis.

361 417 491 447 Breviter
515 416 587 444 illud
619 414 711 444 facere
738 412 900 448 constitui,
930 413 997 441 dum
1026 412 1056 441 in
1089 412 1210 442 diversis
1239 413 1418 442 sectionibus
1443 413 1477 441 de
1506 413 1631 442 materiis
1656 399 1829 451 agentibus,

327 474 384 498 tam
411 465 632 504 geminationi,
652 473 738 503 quam
760 464 932 501 vegetationi
953 463 1140 499 necessariis,
1161 463 1284 501 amplius
1302 464 1400 493 harum
1419 463 1569 493 efficaciam
1585 470 1672 501 atque
1686 464 1828 494 influxum

325 519 467 555 explicare
485 517 624 546 conabor.
952 505 954 508 V

366 569 548 600 Germinatio
568 569 618 602 illa
639 573 684 597 est
706 566 865 604 periodus,
895 566 926 596 in
952 575 1008 603 qua
1033 566 1141 595 semina
1162 571 1271 594 matura
1293 566 1489 602 evolvuntur,
1521 572 1549 595 et
1573 573 1665 595 novas
1683 565 1829 602 plantula:

327 629 458 660 generare
478 620 635 657 incipiunt.
666 619 765 647 Semen
786 626 801 646 a
822 618 942 647 diversis
963 616 1266 654 partibusssformatur.

365 673 462 703 Primo
482 681 546 718 sese
564 670 647 700 offert
671 669 807 702 Cuticula
825 670 898 708 (a)
929 669 992 698 sive
1018 668 1244 707 spermodctmis
1277 667 1346 704 plus
1375 667 1471 696 minus
1495 667 1602 705 densa,
1629 667 1658 698 in
1687 675 1743 704 qua
1773 667 1833 696 dis-

324 724 524 762 tinguuntur&

363 775 407 805 ι.ο
435 774 520 803 Testa
539 774 601 804 sive
621 772 765 802 Pellicula
787 777 931 807 externa,

361 825 406 856 20.
439 825 638 854 sarcodermts
669 824 732 854 sive
767 823 969 860 Parcnchyma
1001 830 1067 852 vasa
1096 821 1205 859 ubique
1235 820 1452 856 transmittens,
1484 827 1555 857 quae
1575 819 1631 848 sub
1661 819 1830 849 umbilicum

323 877 494 912 confluunt3
516 883 544 905 et

361 927 407 964 3⁰.
431 926 624 965 Endopleura
646 926 707 955 sive
727 925 825 954 tunica
844 925 953 954 interna
967 945 978 962 ,
1001 924 1091 954 fluido
1110 924 1333 961 inpermeabilis.

359 978 395 1008 In
421 984 495 1007 testa
521 985 548 1007 et
573 978 669 1008 tunica
690 978 799 1006 interna
816 977 955 1013 reperitur
983 982 1123 1013 punctum
1145 976 1287 1012 quoddam
1301 996 1312 1011 ‚
1336 975 1457 1004 cicatrix
1476 981 1638 1012 aperturae,
1660 981 1716 1010 qua
1735 973 1832 1010 planta

324 1029 438 1067 (mater
448 1020 632 1066 )‘embrijoni
661 1029 868 1058 nutrimentum
892 1026 1042 1063 praebuit,
1070 1026 1120 1055 cui
1146 1026 1298 1055 funiculus
1323 1025 1501 1055 umbilicalis
1525 1025 1651 1054 adhaesit
1663 1030 1730 1065 ’set
1753 1022 1831 1059 quod

326 1069 533 1116 cicatricula,
555 1079 724 1115 umbilicus,
752 1079 813 1108 sive
830 1078 923 1115 Hylas
947 1078 1064 1106 dicitur.
1121 1076 1182 1104 Sub
1205 1082 1271 1104 cute
1293 1076 1370 1104 situs
1399 1082 1444 1104 est
1477 1076 1594 1105 nucleus
1622 1083 1687 1111 pars
1714 1074 1827 1110 albida,

324 1134 418 1160 totam
443 1130 503 1159 fere
528 1137 652 1160 massam
672 1118 792 1159 seminis
817 1127 941 1158 efficiens
968 1135 996 1158 et
1024 1133 1162 1157 constans
1183 1135 1218 1155 ex
1241 1126 1405 1163 Eruhryonc
1427 1127 1493 1165 (b)
1525 1133 1553 1155 et
1574 1126 1691 1156 materia
1711 1125 1832 1162 quadam

319 1181 481 1212 Albumn'nc
500 1181 589 1210 dicta.

363 1233 501 1268 Embrijo
526 1231 645 1262 seminis
669 1240 737 1270 pars
763 1236 810 1261 est
834 1231 956 1261 maxime
981 1229 1165 1266 essentialis,
1192 1236 1221 1259 et
1244 1229 1440 1259 rudimentum
1461 1229 1575 1267 plantae
1598 1228 1715 1258 futurae
1735 1227 1833 1258 offert.

324 1283 362 1314 In
385 1292 417 1313 ea
438 1283 680 1320 distinguuntur:
703 1283 854 1313 Radicula
874 1282 1083 1320 corpusculum
1107 1289 1199 1318 prope
1222 1281 1392 1310 umbilicum
1419 1281 1531 1310 interne
1556 1280 1667 1322 situm:
1693 1278 1834 1321 Blamulq

319 1334 385 1364 sive
412 1333 590 1369 Caulicula,
620 1341 700 1362 ramo
726 1334 888 1370 destinata,
919 1325 1156 1374 etv'Cotyledones
1184 1332 1298 1368 ferens;
1329 1338 1357 1360 et
1385 1333 1496 1360 tandem
1524 1330 1704 1367 Cotylcdones
1729 1338 1836 1370 organa

319 1389 350 1413 et
376 1384 495 1413 foliacea
516 1391 545 1413 et
570 1392 689 1413 carnosa
714 1383 898 1413 inservientia
927 1384 961 1413 ad
987 1385 1178 1421 praeparanda
1209 1386 1255 1414 vel
1286 1385 1494 1414 transvehenda
1527 1384 1660 1412 alimenta
1690 1383 1836 1419 plantulae

320 1434 497 1471 necessaria,
522 1440 552 1464 et
578 1435 641 1464 sine
667 1434 775 1471 quibus
797 1430 978 1464 Germinatio
1004 1436 1102 1464 locum
1128 1436 1229 1464 habere
1258 1444 1318 1464 non
1340 1441 1449 1472 potest.
1491 1434 1670 1471 Cocylcdones
1692 1441 1834 1462 carnosae

317 1484 466 1514 albumine
488 1486 534 1514 vel
558 1486 673 1514 materia
699 1485 768 1514 huic
795 1486 914 1523 analoga
940 1491 1011 1513 sunt
1036 1487 1176 1522 repletae,
1198 1486 1350 1522 foliaceac
1372 1494 1440 1515 vero
1461 1486 1513 1515 hac
1535 1492 1603 1514 sunt
1623 1485 1775 1514 obductae.

361 1537 447 1572 Aqua
473 1543 502 1566 et
528 1536 712 1574 Oxygenium
736 1536 872 1565 videntur
896 1544 960 1565 esse
983 1537 1114 1566 materies
1139 1537 1202 1565 sine
1225 1537 1334 1573 quibus
1359 1537 1442 1570 nullo
1465 1537 1552 1566 modo
1576 1536 1745 1573 germinatio
1768 1543 1837 1572 pro·

321 1587 421 1616 cedere
445 1593 554 1625 potest.
595 1587 713 1617 Frustra
745 1587 839 1623 enim,
869 1588 911 1615 uti
946 1588 1056 1624 egregie
1084 1587 1243 1623 probarunt
1270 1588 1445 1617 Saussurius
1466 1577 1532 1625 (c.)
1564 1589 1607 1625 Le
1631 1587 1833 1625 Feburessd)

322 1642 352 1665 et
379 1637 450 1673 alii,
471 1638 579 1668 semina
605 1638 670 1667 aliis
697 1638 868 1667 materiebus
895 1646 948 1674 gaz
973 1637 1117 1666 forinibus
1141 1625 1344 1680 exponuntur,
1373 1639 1396 1666 si
1419 1638 1604 1674 Orygenium
1633 1638 1713 1666 hIsce
1731 1637 1832 1672 deest,

320 1692 382 1715 non
403 1684 497 1715 solum
518 1696 577 1717 non
599 1684 851 1725 germinanr‚‘sed
874 1689 1121 1726 putrefactionem
1143 1689 1261 1726 ineunt,
1282 1695 1310 1718 et
1332 1690 1597 1725 decomponuntur.

364 1738 397 1766 In
427 1740 491 1767 aere
513 1745 606 1766 autem
633 1739 785 1776 Oxygenio
811 1741 855 1769 vel
881 1741 937 1769 alio
964 1740 1036 1769 illud
1062 1741 1228 1769 continente
1256 1742 1326 1769 laete
1348 1747 1503 1775 crescunt,
1525 1740 1602 1767 etad
1626 1738 1832 1775 vegetationem

330 1794 491 1818 transeunt.
530 1788 624 1825 Agere
651 1797 746 1819 autem
773 1790 885 1819 videtur
905 1791 968 1820 talis
990 1792 1220 1828 Atmosphaera,
1246 1791 1407 1829 praebendo
1432 1789 1606 1827 principium
1632 1789 1705 1819 illud
1726 1788 1832 1827 (Oxy-

1788 1847 1835 1877 ge·

350 1921 403 1948 (a)
420 1920 566 1947 lunulam,
583 1921 675 1941 leeort‘n
691 1922 837 1942 Elemewoirc
853 1923 878 1941 dc
895 1923 916 1941 la
935 1923 1077 1948 Batauique,
1098 1930 1120 1950 p.
1135 1928 1186 1949 432.

350 1962 404 1995 (ἦν)
420 1962 501 1987 Ριομν
519 1960 571 1981 Seed
588 1968 599 1982 a
613 1967 711 1983 unzwio
727 1964 813 1988 dictus,
831 1963 871 1982 Cor
885 1963 978 1982 Semi‘m'r
995 1965 1019 1984 τύ
1036 1963 1093 1985 filiis.

349 2001 400 2027 (c)
416 2004 536 2028 Santram,
552 2001 686 2022 Reclurcbct
703 2003 826 2028 Chiun‘quu
843 2009 880 2021 sur
896 2003 917 2022 la
934 2004 1076 2030 vejulatinn,
1092 2005 1157 2032 180⁴.

351 2040 403 2069 (d)
419 2041 567 2068 hal-crimea
581 2048 619 2063 rur
634 2043 656 2062 la
674 2044 829 2066 Cerntitmlion
845 2044 879 2064 m
892 2046 999 2073 flames,
1016 2046 1073 2068 lati·
1090 2047 1158 2069 1801.
