1946 2517
285 130 608 164 COMMENTATIO
635 139 678 162 At>
706 129 1010 170 QUAESTIONEM
1033 131 1376 164 PHILOSOPHICAM.
1538 142 1576 173 21

113 215 153 244 Et
177 214 372 244 Archedemus
398 216 626 244 convenientiam
659 222 725 243 cum
754 221 853 243 natura
879 214 1007 243 definivit
1035 216 1130 246 πάντα
1154 217 1191 246 τὰ
1221 218 1373 252 καθήκοντα
1402 217 1576 247 ἐπιτελοῦνται

70 265 141 303 ζῇν,
169 266 264 294 omnia
291 266 382 295 officia
413 266 601 302 perficientem
634 267 738 294 vivere.
760 264 801 293 cf.
829 265 916 301 Diog.
939 264 1037 294 Laert.
1063 265 1126 294 VII.
1152 276 1176 296 s.
1196 268 1241 296 88.
1281 267 1340 305 Qui
1369 267 1510 303 propriam
1530 274 1580 294 na⁴

72 322 165 345 turam
191 317 364 352 sequendam
389 325 452 348 esse
474 317 645 351 censebant,
674 314 816 352 propriam
841 315 917 345 illam
943 324 1073 346 naturam
1099 319 1237 346 virtutem
1263 318 1469 354 intelligebant.
1490 317 1578 352 Diog-

71 365 170 396 Laert.
192 367 263 396 ibid.

88 417 244 452 ¹Denique
269 417 410 447 Stobaeus
438 419 504 446 haec
532 417 694 447 confirmat.
735 419 769 447 In
797 417 860 450 Ecl.
890 418 962 448 Eth.
988 428 1016 455 p.
1044 429 1111 457 112.
1134 421 1203 450 dicit
1219 441 1229 458 ‚
1250 421 1323 452 idem
1344 422 1411 451 haec
1430 421 1521 451 valere
1539 427 1579 448 se-

69 467 195 505 effundam
224 474 364 497 naturam
391 470 506 503 virere,
525 469 637 496 honeste
663 470 759 497 vivere
781 476 808 498 et
832 476 908 498 recte
932 472 1039 500 vivere.

109 519 160 549 Sic
191 526 219 548 et
243 519 349 550 Cicero
381 520 470 550 Acad.
498 528 609 556 quaest.
637 521 663 548 Ι.
690 528 734 549 10.
787 540 806 555 „
826 521 905 550 Zeno
931 522 1013 550 nullo
1045 521 1131 549 modo
1159 521 1183 550 is
1217 511 1294 557 erat,
1315 523 1449 559 qui‚'ut
1481 521 1579 550 Theo·

71 570 232 607 phrastus,
257 578 360 599 nervos
387 569 504 599 virtutis
529 571 684 606 incidet-et,
715 572 765 600 sed
783 579 882 601 contra
904 573 953 607 qui
978 573 1091 608 omnia,
1120 581 1192 609 quae
1218 575 1252 603 ad
1279 574 1386 603 beatam
1407 575 1493 603 vitam
1517 581 1581 609 per-

70 622 215 658 tinerent,
242 622 274 651 in
305 629 362 650 una
387 622 496 651 virtute
520 630 658 659 poneret:
695 631 746 652 nec
771 624 925 658 quidquam
952 624 1028 653 aliud
1054 632 1212 653 numeraret
1237 626 1266 654 in
1295 625 1368 653 bona
1385 646 1395 661 ,
1425 625 1509 660 idque
1529 632 1580 659 ap·

71 673 191 709 pellaret
215 673 390 708 honestum,
420 674 497 709 quod
522 682 598 702 esset
618 674 740 709 simplex
758 674 900 709 quoddam
923 680 950 703 et
971 675 1069 703 solum
1095 681 1123 703 et
1149 684 1237 705 unum
1258 675 1407 705 bonum.”
1449 678 1486 704 Et
1507 683 1573 703 mox

71 724 139 753 eod.
168 724 251 752 loco:
292 743 310 759 „
331 724 411 752 Zeno
438 732 498 753 non
523 725 640 753 virtutis
665 734 747 754 usum
769 726 854 754 modo
881 732 912 753 ut
935 726 1097 761 superiores
1119 728 1167 756 sed
1192 728 1285 763 ipsum
1316 727 1443 755 habitum
1473 734 1521 761 per
1548 733 1579 752 se

71 781 137 802 esse
163 775 335 810 praeclarum
361 776 473 803 docuit.
485 774 505 787 ’⁹
547 776 686 810 „Zenoni
706 776 814 811 placuit
837 784 891 805 nos
923 776 956 805 ad
981 776 1115 806 virtutem
1142 786 1226 808 natos
1263 786 1346 814 esse,
1383 777 1576 812 virtutemque

68 825 161 854 solam
187 833 249 854 esse
273 826 471 861 expetendam.
483 825 502 838 '⁹
540 825 607 854 Cic.
632 826 666 854 de
689 826 749 855 Off.
779 826 832 856 ΙΙΙ.
862 827 890 856 8.
1022 863 1026 867 7

109 875 256 913 Quoniam
277 876 365 912 igitur
389 875 483 905 Stoici
509 876 537 904 in
561 876 677 906 Virtute
701 878 732 906 in
757 886 845 914 eaque
870 879 933 907 sola
951 887 1094 908 summum
1117 880 1224 909 bonurn
1250 886 1409 917 posuerunt
1431 879 1497 915 (1)
1517 885 1578 906 cae-

71 933 131 956 tera
152 927 248 956 omnia
268 935 302 956 ex
325 928 466 955 bonorum
493 935 610 956 numero
629 929 830 964 excluserunt,
852 929 974 958 omnino
990 937 1105 958 necesse
1120 931 1173 959 erit
1189 939 1285 959 eorum
1309 930 1439 967 dogmata
1457 929 1574 958 moralia

70 985 217 1014 exponere
244 985 276 1006 ut
302 978 511 1014 perspiciamus
535 978 566 1007 in
593 987 714 1015 quanam
741 980 848 1009 virtute
866 980 1031 1009 felicitatem
1058 981 1218 1017 posuerint.

108 1028 252 1059 Universe
279 1029 336 1065 J'am
364 1029 585 1058 animadvertere
617 1030 705 1065 licet,
735 1030 851 1059 Stoicos
879 1031 970 1059 multo
998 1031 1145 1060 arctiorem
1173 1031 1256 1060 etiam
1280 1039 1364 1066 quam
1392 1030 1575 1066 Epicurum,

65 1079 304 1117 coniunctionem
332 1079 470 1108 statuisse
497 1079 570 1108 inter
588 1079 732 1109 Virtutem
753 1086 781 1110 et
805 1081 991 1111 Felicitatem.
1033 1083 1108 1111 Nam
1128 1082 1175 1110 hic
1195 1081 1309 1117 quidem
1333 1080 1430 1109 statuit
1449 1080 1580 1108 Felicita-

73 1137 129 1161 tem
149 1137 177 1160 et
194 1130 338 1160 Virtutem
357 1139 373 1159 a
391 1139 424 1160 se
444 1131 567 1168 separari
587 1139 646 1161 non
663 1140 771 1168 posse,
792 1132 843 1162 sed
863 1132 906 1161 illi
924 1132 1070 1163 Virtutem
1087 1141 1146 1162 non
1167 1132 1240 1161 vlam
1259 1133 1293 1160 ad
1309 1131 1504 1166 Felicitatem,
1526 1130 1576 1158 sed

65 1182 159 1220 ipsam
179 1184 236 1221 jam
257 1182 288 1212 in
312 1191 343 1212 se
367 1182 543 1212 Felicitatem
563 1183 758 1212 continentem
780 1190 944 1213 statuerunt
962 1205 974 1220 ,
996 1191 1081 1221 atque
1104 1184 1173 1213 adeo
1193 1191 1253 1213 non
1277 1183 1310 1213 de
1335 1182 1459 1213 Virtutis
1477 1188 1504 1211 et
1527 1181 1580 1211 Fe-

66 1232 186 1263 licitatis
202 1234 413 1271 conjunctione
434 1234 485 1262 sed
508 1233 542 1262 de
565 1241 660 1262 earum
685 1233 832 1264 identitate
855 1234 1008 1270 cogitasse.

355 1284 505 1322 Dogmata
525 1284 651 1313 Zenonis
670 1285 788 1314 Scholae
808 1293 881 1324 quae
901 1284 944 1314 ad
961 1286 1108 1315 Virtutem
1124 1285 1286 1323 pertinent.

115 1333 159 1363 Ut
187 1334 286 1364 ordine
303 1336 478 1372 procedam,
499 1335 617 1364 moralia
643 1341 795 1372 praecepta
821 1335 946 1366 dividam
972 1336 1002 1365 in
1031 1341 1182 1373 praecepta
1209 1343 1272 1372 erga
1295 1335 1410 1371 Deum,
1442 1341 1506 1372 erga
1525 1341 1580 1363 nos

66 1385 149 1422 ipsos
174 1391 202 1414 et
226 1394 290 1422 erga
313 1386 397 1416 alios.

105 1436 202 1474 Quam
230 1436 404 1465 divisionem
429 1436 577 1466 tenendam
610 1443 707 1466 censet
734 1436 866 1466 Buddeus
892 1437 921 1466 in
947 1437 1049 1466 morali
1084 1436 1213 1466 doctrina
1241 1435 1406 1465 Stoicorum
1435 1443 1580 1472 exponen·

65 1488 103 1518 'da
121 1487 208 1525 (2),
230 1487 304 1515 hanc
320 1487 463 1517 Antonini
480 1487 647 1517 sententiam
669 1486 807 1516 afferens:
836 1489 1005 1524 „perpende
1023 1494 1143 1516 mentem
1163 1494 1239 1520 tuam
1264 1489 1356 1522 (ecce
1374 1486 1465 1515 officia
1483 1486 1577 1514 homi-

66 1539 114 1569 nis
141 1546 206 1574 erga
233 1545 263 1565 se
291 1538 436 1575 ipsum),
460 1537 585 1567 universi
606 1537 653 1575 (i.
674 1546 699 1566 e.
721 1538 800 1575 Dei)
820 1547 852 1566 ac
879 1538 1012 1575 proximi.
1065 1538 1174 1572 Tuam,
1201 1545 1232 1566 ut
1257 1546 1315 1566 eam
1332 1539 1437 1575 justam
1455 1538 1574 1573 reddas,

65 1590 219 1624 universi,
245 1594 278 1617 ut
303 1590 448 1618 recordere
469 1589 553 1627 cujus
572 1596 638 1625 pars
661 1587 720 1625 sit,
735 1590 890 1627 proximi,
911 1597 943 1618 ut
970 1590 1066 1619 videas
1088 1590 1165 1618 sitne
1184 1589 1213 1617 in
1234 1596 1268 1618 ea
1294 1589 1452 1626 ignorantia
1472 1596 1508 1617 an
1528 1595 1579 1617 νε·

66 1648 101 1670 to
127 1634 291 1677 prudentia.
304 1638 324 1651 ”
1529 1676 1560 1706 s·

1554 1684 1579 1705 ic

99 1765 164 1800 (Ι)
183 1766 277 1792 Seneca
299 1766 330 1792 de
351 1767 400 1793 vita
417 1767 493 1792 Beata
518 1772 542 1793 c.
560 1766 607 1795 16,
633 1784 652 1797 ,‚
670 1767 693 1791 in
718 1766 810 1792 virtute
830 1767 914 1800 posita
935 1773 972 1793 est
998 1774 1055 1793 vera
1078 1766 1213 1794 felicitas?
1259 1766 1309 1800 Ep.
1327 1773 1360 1799 74
1384 1784 1403 1798 .,
1418 1766 1503 1792 Virtus
1524 1765 1576 1790 sola

62 1813 123 1839 nti:
146 1812 211 1840 est.”
249 1812 300 1845 Ep.
316 1819 348 1846 71
376 1831 395 1844 ,‚
409 1820 485 1838 unum
504 1813 600 1838 bonum
626 1819 664 1838 est
688 1813 758 1845 quod
786 1813 917 1839 honestum
938 1814 1012 1841 est.'’
1050 1815 1101 1846 Ep.
1117 1815 1150 1847 67
1169 1816 1193 1839 in
1211 1813 1275 1839 fine:
1304 1832 1323 1845 ‚‚
1338 1813 1407 1839 Nihil
1428 1818 1464 1837 est
1485 1812 1577 1837 virtute

65 1860 247 1893 praestantius,
266 1860 324 1885 nihii
347 1860 458 1892 pulcrius
470 1878 477 1890 ‚
496 1866 519 1885 et
540 1860 633 1885 bonum
648 1866 686 1885 est
700 1878 708 1890 ,
727 1866 751 1885 et
768 1860 880 1892 optabile
894 1861 1016 1893 quidquid
1035 1867 1066 1887 ex
1086 1860 1161 1892 liujus
1181 1862 1273 1892 geritur
1290 1859 1406 1892 imperio.
1416 1858 1432 1868 ’'
1475 1857 1577 1883 Marcus

63 1906 161 1933 Anton.
180 1905 212 1932 L.
228 1905 265 1932 11.
286 1912 309 1932 1.
345 1923 365 1936 ‚,
381 1906 452 1932 Nihil
476 1913 512 1932 est
540 1907 634 1932 bonum
657 1907 701 1931 nisi
722 1906 889 1932 honestum.''
926 1907 1017 1933 Sextus
1035 1907 1133 1940 Empir.
1154 1906 1213 1933 adv.
1232 1906 1354 1933 Mathem.
1380 1905 1412 1932 L.
1427 1905 1474 1931 xi.
1501 1911 1528 1937 p-
1543 1908 1578 1936 77

65 1958 92 1979 et
110 1959 158 1986 179
172 1960 179 1978 ε
214 1971 233 1983 ,‚
245 1952 314 1978 Zeno
330 1951 408 1977 docet
423 1953 538 1978 virtutem
559 1960 611 1978 esse
626 1960 749 1978 summum
766 1953 897 1980 bonum.''

97 1997 168 2034 (2)
185 1998 282 2025 Buddei
301 1999 425 2025 Analecta
446 1999 571 2025 Histoi-iae
590 1999 806 2032 philosophicae,
825 2008 850 2032 p.
871 2000 929 2032 164.

847 2045 914 2075 D2
