<?xml version="1.0" encoding="UTF-8"?>
<!DOCTYPE html PUBLIC "-//W3C//DTD XHTML 1.0 Transitional//EN"
    "http://www.w3.org/TR/xhtml1/DTD/xhtml1-transitional.dtd">
<html xmlns="http://www.w3.org/1999/xhtml" xml:lang="en" lang="en">
 <head>
  <title>
</title>
<meta http-equiv="Content-Type" content="text/html;charset=utf-8" />
  <meta name='ocr-system' content='tesseract 3.04.00' />
  <meta name='ocr-capabilities' content='ocr_page ocr_carea ocr_par ocr_line ocrx_word'/>
</head>
<body>
  <div class='ocr_page' id='page_1' title='image "annalesacademiae21rijk_0315.png"; bbox 0 0 1946 2517; ppageno 0'>
   <div class='ocr_carea' id='block_1_1' title="bbox 356 120 1605 174">
    <p class='ocr_par' dir='ltr' id='par_1_1' title="bbox 298 120 1605 174">
     <span class='ocr_line' id='line_1_1' title="bbox 356 120 1605 174; baseline 0.008 -19.512"><span class='ocrx_word' id='word_1_1' title='bbox 356 122 685 158; x_wconf 78' lang='lat' dir='ltr'>·coMMENTAT10</span> <span class='ocrx_word' id='word_1_2' title='bbox 707 126 748 156; x_wconf 54' lang='lat' dir='ltr'>sn</span> <span class='ocrx_word' id='word_1_3' title='bbox 769 120 1073 164; x_wconf 53' lang='lat' dir='ltr'>onnam-toxam</span> <span class='ocrx_word' id='word_1_4' title='bbox 1091 128 1339 162; x_wconf 63' lang='lat' dir='ltr'>citantem.</span> <span class='ocrx_word' id='word_1_5' title='bbox 1414 134 1421 141; x_wconf 58' lang='grc'><em>’</em></span> <span class='ocrx_word' id='word_1_6' title='bbox 1570 138 1605 174; x_wconf 73' lang='lat'>37</span> 
     </span>
    </p>
   </div>
   <div class='ocr_carea' id='block_1_2' title="bbox 87 213 1601 1590">
    <p class='ocr_par' dir='ltr' id='par_1_2' title="bbox 99 213 1601 304">
     <span class='ocr_line' id='line_1_2' title="bbox 109 213 1601 260; baseline 0.005 -16"><span class='ocrx_word' id='word_1_7' title='bbox 109 230 114 233; x_wconf 83' lang='lat'><em>-</em></span> <span class='ocrx_word' id='word_1_8' title='bbox 139 213 288 247; x_wconf 84' lang='lat' dir='ltr'>Lustratis</span> <span class='ocrx_word' id='word_1_9' title='bbox 310 219 402 243; x_wconf 81' lang='lat' dir='ltr'>autem</span> <span class='ocrx_word' id='word_1_10' title='bbox 424 214 486 250; x_wconf 87' lang='lat' dir='ltr'>sic,</span> <span class='ocrx_word' id='word_1_11' title='bbox 516 223 588 250; x_wconf 89' lang='lat' dir='ltr'>quae</span> <span class='ocrx_word' id='word_1_12' title='bbox 610 215 646 243; x_wconf 88' lang='lat' dir='ltr'>de</span> <span class='ocrx_word' id='word_1_13' title='bbox 666 215 829 244; x_wconf 78' lang='lat' dir='ltr'>plantarum</span> <span class='ocrx_word' id='word_1_14' title='bbox 843 215 1012 246; x_wconf 79' lang='lat' dir='ltr'>‘nutrit-ione</span> <span class='ocrx_word' id='word_1_15' title='bbox 1036 225 1092 247; x_wconf 86' lang='lat' dir='ltr'>tam</span> <span class='ocrx_word' id='word_1_16' title='bbox 1120 219 1286 256; x_wconf 87' lang='lat' dir='ltr'>observata,</span> <span class='ocrx_word' id='word_1_17' title='bbox 1308 228 1392 256; x_wconf 91' lang='lat' dir='ltr'>quam</span> <span class='ocrx_word' id='word_1_18' title='bbox 1417 221 1526 252; x_wconf 80' lang='lat' dir='ltr'>ratione</span> <span class='ocrx_word' id='word_1_19' title='bbox 1547 223 1601 260; x_wconf 82' lang='lat' dir='ltr'>hy-</span> 
     </span>
     <span class='ocr_line' id='line_1_3' title="bbox 99 266 1233 304; baseline 0.002 -7"><span class='ocrx_word' id='word_1_20' title='bbox 99 267 275 304; x_wconf 74' lang='lat' dir='ltr'>pothesique</span> <span class='ocrx_word' id='word_1_21' title='bbox 294 267 426 303; x_wconf 81' lang='lat' dir='ltr'>conjecta</span> <span class='ocrx_word' id='word_1_22' title='bbox 447 271 533 302; x_wconf 86' lang='lat' dir='ltr'>sunt,</span> <span class='ocrx_word' id='word_1_23' title='bbox 557 272 644 294; x_wconf 86' lang='lat' dir='ltr'>restat</span> <span class='ocrx_word' id='word_1_24' title='bbox 664 272 697 294; x_wconf 91' lang='lat' dir='ltr'>ut</span> <span class='ocrx_word' id='word_1_25' title='bbox 718 266 822 294; x_wconf 85' lang='lat' dir='ltr'>exinde</span> <span class='ocrx_word' id='word_1_26' title='bbox 842 267 1060 297; x_wconf 80' lang='lat' dir='ltr'>conclusionem</span> <span class='ocrx_word' id='word_1_27' title='bbox 1082 268 1233 299; x_wconf 87' lang='lat' dir='ltr'>faciamus.</span> 
     </span>
    </p>

    <p class='ocr_par' dir='ltr' id='par_1_3' title="bbox 89 318 1599 1024">
     <span class='ocr_line' id='line_1_4' title="bbox 138 318 1599 360; baseline 0.003 -12"><span class='ocrx_word' id='word_1_28' title='bbox 138 320 303 354; x_wconf 81' lang='lat' dir='ltr'>Antequam</span> <span class='ocrx_word' id='word_1_29' title='bbox 330 324 423 346; x_wconf 88' lang='lat' dir='ltr'>autem</span> <span class='ocrx_word' id='word_1_30' title='bbox 441 318 474 346; x_wconf 90' lang='lat' dir='ltr'>ad</span> <span class='ocrx_word' id='word_1_31' title='bbox 492 318 566 346; x_wconf 89' lang='lat' dir='ltr'>illam</span> <span class='ocrx_word' id='word_1_32' title='bbox 591 319 757 346; x_wconf 83' lang='lat' dir='ltr'><strong>accedamus</strong></span> <span class='ocrx_word' id='word_1_33' title='bbox 771 338 781 353; x_wconf 87' lang='lat'>‚</span> <span class='ocrx_word' id='word_1_34' title='bbox 812 327 992 353; x_wconf 80' lang='lat' dir='ltr'>praemonere</span> <span class='ocrx_word' id='word_1_35' title='bbox 1011 320 1111 356; x_wconf 87' lang='lat' dir='ltr'>liceat,</span> <span class='ocrx_word' id='word_1_36' title='bbox 1139 322 1319 358; x_wconf 80' lang='lat' dir='ltr'>argumenti,</span> <span class='ocrx_word' id='word_1_37' title='bbox 1340 322 1373 351; x_wconf 93' lang='lat' dir='ltr'>de</span> <span class='ocrx_word' id='word_1_38' title='bbox 1398 325 1599 360; x_wconf 71' lang='lat' dir='ltr'>vegetabilium</span> 
     </span>
     <span class='ocr_line' id='line_1_5' title="bbox 98 365 1597 410; baseline 0.004 -11"><span class='ocrx_word' id='word_1_39' title='bbox 98 365 186 406; x_wconf 71' lang='lat' dir='ltr'>¹vita,</span> <span class='ocrx_word' id='word_1_40' title='bbox 201 368 434 404; x_wconf 79' lang='lat' dir='ltr'>disquisitionem</span> <span class='ocrx_word' id='word_1_41' title='bbox 457 366 731 397; x_wconf 74' lang='lat' dir='ltr'>etdil&#39;ucidationem</span> <span class='ocrx_word' id='word_1_42' title='bbox 750 378 807 399; x_wconf 88' lang='lat' dir='ltr'>non</span> <span class='ocrx_word' id='word_1_43' title='bbox 828 371 922 398; x_wconf 87' lang='lat' dir='ltr'>solum</span> <span class='ocrx_word' id='word_1_44' title='bbox 942 379 991 407; x_wconf 83' lang='lat' dir='ltr'>per</span> <span class='ocrx_word' id='word_1_45' title='bbox 1008 381 1053 407; x_wconf 91' lang='lat' dir='ltr'>se,</span> <span class='ocrx_word' id='word_1_46' title='bbox 1076 379 1103 400; x_wconf 92' lang='lat' dir='ltr'>et</span> <span class='ocrx_word' id='word_1_47' title='bbox 1119 380 1258 408; x_wconf 88' lang='lat' dir='ltr'>quantum</span> <span class='ocrx_word' id='word_1_48' title='bbox 1274 374 1427 410; x_wconf 85' lang='lat' dir='ltr'>specialius</span> <span class='ocrx_word' id='word_1_49' title='bbox 1444 377 1479 404; x_wconf 83' lang='lat' dir='ltr'>ad</span> <span class='ocrx_word' id='word_1_50' title='bbox 1492 377 1597 405; x_wconf 85' lang='lat' dir='ltr'>doctri·</span> 
     </span>
     <span class='ocr_line' id='line_1_6' title="bbox 94 419 1598 462; baseline 0.003 -12"><span class='ocrx_word' id='word_1_51' title='bbox 94 419 164 450; x_wconf 80' lang='lat' dir='ltr'>&#39;nam</span> <span class='ocrx_word' id='word_1_52' title='bbox 180 421 395 457; x_wconf 83' lang='lat' dir='ltr'>phytologicam</span> <span class='ocrx_word' id='word_1_53' title='bbox 418 419 624 456; x_wconf 78' lang='lat' dir='ltr'>perficiendam</span> <span class='ocrx_word' id='word_1_54' title='bbox 638 420 739 448; x_wconf 77' lang='lat' dir='ltr'>attinet</span> <span class='ocrx_word' id='word_1_55' title='bbox 760 422 824 449; x_wconf 78' lang='lat' dir='ltr'>esse</span> <span class='ocrx_word' id='word_1_56' title='bbox 842 430 955 450; x_wconf 90' lang='lat' dir='ltr'>summo</span> <span class='ocrx_word' id='word_1_57' title='bbox 971 423 1068 451; x_wconf 89' lang='lat' dir='ltr'>studio</span> <span class='ocrx_word' id='word_1_58' title='bbox 1095 424 1311 462; x_wconf 82' lang='lat' dir='ltr'>dignissimam,</span> <span class='ocrx_word' id='word_1_59' title='bbox 1333 426 1512 462; x_wconf 82' lang='lat' dir='ltr'>maximeque</span> <span class='ocrx_word' id='word_1_60' title='bbox 1538 427 1598 456; x_wconf 84' lang='lat' dir='ltr'>fru-</span> 
     </span>
     <span class='ocr_line' id='line_1_7' title="bbox 97 470 1597 517; baseline 0.004 -15"><span class='ocrx_word' id='word_1_61' title='bbox 97 470 261 507; x_wconf 66' lang='lat' dir='ltr'>emesam,⁴</span> <span class='ocrx_word' id='word_1_62' title='bbox 278 472 327 500; x_wconf 88' lang='lat' dir='ltr'>sed</span> <span class='ocrx_word' id='word_1_63' title='bbox 346 471 654 499; x_wconf 29' lang='lat' dir='ltr'>reamfma&#39;ximietiam</span> <span class='ocrx_word' id='word_1_64' title='bbox 685 479 746 500; x_wconf 89' lang='lat' dir='ltr'>esse</span> <span class='ocrx_word' id='word_1_65' title='bbox 769 472 904 500; x_wconf 81' lang='lat' dir='ltr'>momenti</span> <span class='ocrx_word' id='word_1_66' title='bbox 927 473 970 500; x_wconf 77' lang='lat' dir='ltr'>ad</span> <span class='ocrx_word' id='word_1_67' title='bbox 987 475 1066 502; x_wconf 64' lang='lat' dir='ltr'>vitae</span> <span class='ocrx_word' id='word_1_68' title='bbox 1090 476 1227 504; x_wconf 82' lang='lat' dir='ltr'>animalis</span> <span class='ocrx_word' id='word_1_69' title='bbox 1251 479 1477 517; x_wconf 69' lang='lat' dir='ltr'>nutritionisque</span> <span class='ocrx_word' id='word_1_70' title='bbox 1497 486 1525 507; x_wconf 80' lang='lat' dir='ltr'>et</span> <span class='ocrx_word' id='word_1_71' title='bbox 1551 488 1597 508; x_wconf 82' lang='lat' dir='ltr'>re-</span> 
     </span>
     <span class='ocr_line' id='line_1_8' title="bbox 93 523 1595 564; baseline 0.004 -11"><span class='ocrx_word' id='word_1_72' title='bbox 93 524 294 564; x_wconf 80' lang='lat' dir='ltr'>productionis</span> <span class='ocrx_word' id='word_1_73' title='bbox 321 524 448 552; x_wconf 78' lang='lat' dir='ltr'>rationes</span> <span class='ocrx_word' id='word_1_74' title='bbox 472 524 604 551; x_wconf 76' lang='lat' dir='ltr'>internas</span> <span class='ocrx_word' id='word_1_75' title='bbox 629 523 744 558; x_wconf 86' lang='lat' dir='ltr'>penitus</span> <span class='ocrx_word' id='word_1_76' title='bbox 767 524 976 560; x_wconf 80' lang='lat' dir='ltr'>exploranda53</span> <span class='ocrx_word' id='word_1_77' title='bbox 1009 525 1261 563; x_wconf 83' lang='lat' dir='ltr'>phaenomenaque</span> <span class='ocrx_word' id='word_1_78' title='bbox 1282 530 1343 564; x_wconf 87' lang='lat' dir='ltr'>ejus</span> <span class='ocrx_word' id='word_1_79' title='bbox 1369 530 1443 558; x_wconf 86' lang='lat' dir='ltr'>vitae</span> <span class='ocrx_word' id='word_1_80' title='bbox 1466 530 1595 559; x_wconf 86' lang='lat' dir='ltr'>animalis</span> 
     </span>
     <span class='ocr_line' id='line_1_9' title="bbox 96 574 1595 618; baseline 0.004 -14"><span class='ocrx_word' id='word_1_81' title='bbox 96 577 204 618; x_wconf 78' lang='lat' dir='ltr'>partis,</span> <span class='ocrx_word' id='word_1_82' title='bbox 222 583 294 611; x_wconf 92' lang='lat' dir='ltr'>quae</span> <span class='ocrx_word' id='word_1_83' title='bbox 310 575 475 613; x_wconf 71' lang='lat' dir='ltr'>vegetatiya</span> <span class='ocrx_word' id='word_1_84' title='bbox 491 574 556 610; x_wconf 88' lang='lat' dir='ltr'>jure</span> <span class='ocrx_word' id='word_1_85' title='bbox 571 574 695 610; x_wconf 82' lang='lat' dir='ltr'>dicitur,</span> <span class='ocrx_word' id='word_1_86' title='bbox 717 581 744 602; x_wconf 86' lang='lat' dir='ltr'>et</span> <span class='ocrx_word' id='word_1_87' title='bbox 764 582 819 609; x_wconf 90' lang='lat' dir='ltr'>qua</span> <span class='ocrx_word' id='word_1_88' title='bbox 836 574 965 603; x_wconf 84' lang='lat' dir='ltr'>animalia</span> <span class='ocrx_word' id='word_1_89' title='bbox 978 576 1105 611; x_wconf 88' lang='lat' dir='ltr'>proxime</span> <span class='ocrx_word' id='word_1_90' title='bbox 1121 585 1187 605; x_wconf 88' lang='lat' dir='ltr'>cum</span> <span class='ocrx_word' id='word_1_91' title='bbox 1205 579 1410 614; x_wconf 80' lang='lat' dir='ltr'>vegetabilibus</span> <span class='ocrx_word' id='word_1_92' title='bbox 1428 587 1595 617; x_wconf 86' lang='lat' dir='ltr'>nectuntur,</span> 
     </span>
     <span class='ocr_line' id='line_1_10' title="bbox 97 621 1595 669; baseline 0.003 -13"><span class='ocrx_word' id='word_1_93' title='bbox 97 628 205 657; x_wconf 88' lang='lat' dir='ltr'>clarius</span> <span class='ocrx_word' id='word_1_94' title='bbox 231 625 434 661; x_wconf 88' lang='lat' dir='ltr'>dilucidanda;</span> <span class='ocrx_word' id='word_1_95' title='bbox 476 625 542 653; x_wconf 91' lang='lat' dir='ltr'>hinc</span> <span class='ocrx_word' id='word_1_96' title='bbox 572 621 791 661; x_wconf 73' lang='lat' dir='ltr'>applicationem</span> <span class='ocrx_word' id='word_1_97' title='bbox 827 626 912 662; x_wconf 83' lang='lat' dir='ltr'>hujus</span> <span class='ocrx_word' id='word_1_98' title='bbox 947 625 1168 663; x_wconf 87' lang='lat' dir='ltr'>Phytochemiae</span> <span class='ocrx_word' id='word_1_99' title='bbox 1201 630 1289 665; x_wconf 77' lang='lat' dir='ltr'>pat-tis</span> <span class='ocrx_word' id='word_1_100' title='bbox 1317 630 1352 658; x_wconf 87' lang='lat' dir='ltr'>ad</span> <span class='ocrx_word' id='word_1_101' title='bbox 1382 632 1595 669; x_wconf 77' lang='lat' dir='ltr'>physiologiam</span> 
     </span>
     <span class='ocr_line' id='line_1_11' title="bbox 93 675 1597 719; baseline 0.003 -12"><span class='ocrx_word' id='word_1_102' title='bbox 93 678 237 708; x_wconf 87' lang='lat' dir='ltr'>Medicam</span> <span class='ocrx_word' id='word_1_103' title='bbox 259 685 318 706; x_wconf 89' lang='lat' dir='ltr'>non</span> <span class='ocrx_word' id='word_1_104' title='bbox 343 676 424 712; x_wconf 89' lang='lat' dir='ltr'>parvi</span> <span class='ocrx_word' id='word_1_105' title='bbox 445 685 508 705; x_wconf 88' lang='lat' dir='ltr'>esse</span> <span class='ocrx_word' id='word_1_106' title='bbox 532 675 692 711; x_wconf 78' lang='lat' dir='ltr'>momenti,</span> <span class='ocrx_word' id='word_1_107' title='bbox 720 677 876 713; x_wconf 82' lang='lat' dir='ltr'>sequitur3</span> <span class='ocrx_word' id='word_1_108' title='bbox 907 685 969 706; x_wconf 88' lang='lat' dir='ltr'>nam</span> <span class='ocrx_word' id='word_1_109' title='bbox 994 678 1043 706; x_wconf 90' lang='lat' dir='ltr'>ubi</span> <span class='ocrx_word' id='word_1_110' title='bbox 1065 679 1139 708; x_wconf 90' lang='lat' dir='ltr'>vitae</span> <span class='ocrx_word' id='word_1_111' title='bbox 1156 680 1304 716; x_wconf 86' lang='lat' dir='ltr'>animalis,</span> <span class='ocrx_word' id='word_1_112' title='bbox 1334 681 1597 719; x_wconf 74' lang='lat' dir='ltr'>sanctionumque,</span> 
     </span>
     <span class='ocr_line' id='line_1_12' title="bbox 95 729 1598 770; baseline 0.003 -12"><span class='ocrx_word' id='word_1_113' title='bbox 95 731 202 767; x_wconf 88' lang='lat' dir='ltr'>quibus</span> <span class='ocrx_word' id='word_1_114' title='bbox 226 737 335 765; x_wconf 89' lang='lat' dir='ltr'>corpus</span> <span class='ocrx_word' id='word_1_115' title='bbox 356 730 510 757; x_wconf 85' lang='lat' dir='ltr'>humanum</span> <span class='ocrx_word' id='word_1_116' title='bbox 537 729 667 758; x_wconf 86' lang='lat' dir='ltr'>materies</span> <span class='ocrx_word' id='word_1_117' title='bbox 695 730 850 760; x_wconf 68' lang='lat' dir='ltr'>nutritivas</span> <span class='ocrx_word' id='word_1_118' title='bbox 875 734 935 759; x_wconf 77' lang='lat' dir='ltr'>tum</span> <span class='ocrx_word' id='word_1_119' title='bbox 966 731 1110 767; x_wconf 81' lang='lat' dir='ltr'>suscipit,</span> <span class='ocrx_word' id='word_1_120' title='bbox 1132 739 1193 760; x_wconf 90' lang='lat' dir='ltr'>tum</span> <span class='ocrx_word' id='word_1_121' title='bbox 1212 732 1268 760; x_wconf 89' lang='lat' dir='ltr'>sibi</span> <span class='ocrx_word' id='word_1_122' title='bbox 1285 733 1443 769; x_wconf 83' lang='lat' dir='ltr'>assimilat,</span> <span class='ocrx_word' id='word_1_123' title='bbox 1470 735 1598 770; x_wconf 86' lang='lat' dir='ltr'>deperdi-</span> 
     </span>
     <span class='ocr_line' id='line_1_13' title="bbox 91 780 1596 819; baseline 0.003 -9"><span class='ocrx_word' id='word_1_124' title='bbox 91 789 193 817; x_wconf 88' lang='lat' dir='ltr'>tasque</span> <span class='ocrx_word' id='word_1_125' title='bbox 221 787 312 816; x_wconf 86' lang='lat' dir='ltr'>partes</span> <span class='ocrx_word' id='word_1_126' title='bbox 343 780 492 815; x_wconf 84' lang='lat' dir='ltr'>restituit,</span> <span class='ocrx_word' id='word_1_127' title='bbox 522 780 718 816; x_wconf 85' lang='lat' dir='ltr'>cognitionem</span> <span class='ocrx_word' id='word_1_128' title='bbox 745 781 832 810; x_wconf 85' lang='lat' dir='ltr'>nobis</span> <span class='ocrx_word' id='word_1_129' title='bbox 859 790 1020 818; x_wconf 88' lang='lat' dir='ltr'>comparare</span> <span class='ocrx_word' id='word_1_130' title='bbox 1045 783 1200 819; x_wconf 89' lang='lat' dir='ltr'>volumus,</span> <span class='ocrx_word' id='word_1_131' title='bbox 1229 791 1345 819; x_wconf 82' lang='lat' dir='ltr'>oportet</span> <span class='ocrx_word' id='word_1_132' title='bbox 1374 793 1428 814; x_wconf 89' lang='lat' dir='ltr'>nos</span> <span class='ocrx_word' id='word_1_133' title='bbox 1455 787 1542 815; x_wconf 87' lang='lat' dir='ltr'>redire</span> <span class='ocrx_word' id='word_1_134' title='bbox 1562 787 1596 815; x_wconf 86' lang='lat' dir='ltr'>ad</span> 
     </span>
     <span class='ocr_line' id='line_1_14' title="bbox 91 832 1598 872; baseline 0.002 -9"><span class='ocrx_word' id='word_1_135' title='bbox 91 837 183 872; x_wconf 85' lang='lat' dir='ltr'>prima</span> <span class='ocrx_word' id='word_1_136' title='bbox 204 834 279 861; x_wconf 88' lang='lat' dir='ltr'>vitae</span> <span class='ocrx_word' id='word_1_137' title='bbox 297 833 448 868; x_wconf 82' lang='lat' dir='ltr'>organicae</span> <span class='ocrx_word' id='word_1_138' title='bbox 473 832 669 867; x_wconf 76' lang='lat' dir='ltr'>incunabula,</span> <span class='ocrx_word' id='word_1_139' title='bbox 701 840 793 867; x_wconf 88' lang='lat' dir='ltr'>eoque</span> <span class='ocrx_word' id='word_1_140' title='bbox 819 834 885 868; x_wconf 84' lang='lat' dir='ltr'>ipso</span> <span class='ocrx_word' id='word_1_141' title='bbox 911 833 945 861; x_wconf 89' lang='lat' dir='ltr'>ad</span> <span class='ocrx_word' id='word_1_142' title='bbox 968 834 1167 869; x_wconf 85' lang='lat' dir='ltr'>generaliorem</span> <span class='ocrx_word' id='word_1_143' title='bbox 1191 842 1219 864; x_wconf 86' lang='lat' dir='ltr'>et</span> <span class='ocrx_word' id='word_1_144' title='bbox 1246 837 1448 872; x_wconf 83' lang='lat' dir='ltr'>simpliciorem</span> <span class='ocrx_word' id='word_1_145' title='bbox 1473 837 1598 866; x_wconf 87' lang='lat' dir='ltr'>vitalita-</span> 
     </span>
     <span class='ocr_line' id='line_1_15' title="bbox 94 883 1593 922; baseline 0.003 -9"><span class='ocrx_word' id='word_1_146' title='bbox 94 888 151 920; x_wconf 80' lang='lat' dir='ltr'>tis,</span> <span class='ocrx_word' id='word_1_147' title='bbox 169 883 391 919; x_wconf 71' lang='lat' dir='ltr'>iunctionisque</span> <span class='ocrx_word' id='word_1_148' title='bbox 411 883 544 912; x_wconf 85' lang='lat' dir='ltr'>nutritiae</span> <span class='ocrx_word' id='word_1_149' title='bbox 559 892 591 912; x_wconf 87' lang='lat' dir='ltr'>ac</span> <span class='ocrx_word' id='word_1_150' title='bbox 610 883 817 912; x_wconf 85' lang='lat' dir='ltr'>assimilatricis</span> <span class='ocrx_word' id='word_1_151' title='bbox 835 884 1043 918; x_wconf 88' lang='lat' dir='ltr'>evolutionem,</span> <span class='ocrx_word' id='word_1_152' title='bbox 1059 886 1169 920; x_wconf 89' lang='lat' dir='ltr'>qualem</span> <span class='ocrx_word' id='word_1_153' title='bbox 1187 887 1330 922; x_wconf 67' lang='lat' dir='ltr'>vegetatio</span> <span class='ocrx_word' id='word_1_154' title='bbox 1345 888 1470 917; x_wconf 83' lang='lat' dir='ltr'>exhibet.</span> <span class='ocrx_word' id='word_1_155' title='bbox 1513 888 1593 917; x_wconf 86' lang='lat' dir='ltr'>Hanc</span> 
     </span>
     <span class='ocr_line' id='line_1_16' title="bbox 93 934 1594 976; baseline 0.002 -11"><span class='ocrx_word' id='word_1_156' title='bbox 93 942 211 965; x_wconf 79' lang='lat' dir='ltr'>omnino</span> <span class='ocrx_word' id='word_1_157' title='bbox 228 935 301 963; x_wconf 82' lang='lat' dir='ltr'>viam</span> <span class='ocrx_word' id='word_1_158' title='bbox 319 934 441 970; x_wconf 85' lang='lat' dir='ltr'>ingressi</span> <span class='ocrx_word' id='word_1_159' title='bbox 460 940 531 962; x_wconf 87' lang='lat' dir='ltr'>suut</span> <span class='ocrx_word' id='word_1_160' title='bbox 547 934 747 970; x_wconf 81' lang='lat' dir='ltr'>sagacissimi,</span> <span class='ocrx_word' id='word_1_161' title='bbox 784 941 840 962; x_wconf 87' lang='lat' dir='ltr'>tam</span> <span class='ocrx_word' id='word_1_162' title='bbox 867 942 1055 971; x_wconf 87' lang='lat' dir='ltr'>systematum</span> <span class='ocrx_word' id='word_1_163' title='bbox 1078 936 1282 973; x_wconf 75' lang='lat' dir='ltr'>physiologiae</span> <span class='ocrx_word' id='word_1_164' title='bbox 1305 946 1390 974; x_wconf 88' lang='lat' dir='ltr'>quam</span> <span class='ocrx_word' id='word_1_165' title='bbox 1412 939 1594 976; x_wconf 85' lang='lat' dir='ltr'>Pathologiae</span> 
     </span>
     <span class='ocr_line' id='line_1_17' title="bbox 89 984 1079 1024; baseline 0.001 -9"><span class='ocrx_word' id='word_1_166' title='bbox 89 987 254 1015; x_wconf 86' lang='lat' dir='ltr'>conditores</span> <span class='ocrx_word' id='word_1_167' title='bbox 276 985 319 1013; x_wconf 92' lang='lat' dir='ltr'>uti</span> <span class='ocrx_word' id='word_1_168' title='bbox 340 985 430 1020; x_wconf 84' lang='lat' dir='ltr'>Reil,</span> <span class='ocrx_word' id='word_1_169' title='bbox 454 984 565 1019; x_wconf 80' lang='lat' dir='ltr'>Home,</span> <span class='ocrx_word' id='word_1_170' title='bbox 587 984 785 1021; x_wconf 68' lang='lat' dir='ltr'>Trwx’ranus,</span> <span class='ocrx_word' id='word_1_171' title='bbox 807 986 952 1024; x_wconf 77' lang='lat' dir='ltr'>Sprengel</span> <span class='ocrx_word' id='word_1_172' title='bbox 970 994 998 1015; x_wconf 90' lang='lat' dir='ltr'>et</span> <span class='ocrx_word' id='word_1_173' title='bbox 1019 988 1079 1018; x_wconf 89' lang='lat' dir='ltr'>alii.</span> 
     </span>
    </p>

    <p class='ocr_par' dir='ltr' id='par_1_4' title="bbox 91 1036 1594 1124">
     <span class='ocr_line' id='line_1_18' title="bbox 129 1036 1594 1076; baseline 0.003 -11"><span class='ocrx_word' id='word_1_174' title='bbox 129 1036 219 1065; x_wconf 83' lang='lat' dir='ltr'>Hisce</span> <span class='ocrx_word' id='word_1_175' title='bbox 235 1036 402 1071; x_wconf 82' lang='lat' dir='ltr'>praemissis</span> <span class='ocrx_word' id='word_1_176' title='bbox 417 1055 426 1070; x_wconf 91' lang='lat'>,</span> <span class='ocrx_word' id='word_1_177' title='bbox 447 1041 552 1069; x_wconf 87' lang='lat' dir='ltr'>restat,</span> <span class='ocrx_word' id='word_1_178' title='bbox 583 1042 614 1062; x_wconf 93' lang='lat' dir='ltr'>ut</span> <span class='ocrx_word' id='word_1_179' title='bbox 638 1037 867 1072; x_wconf 81' lang='lat' dir='ltr'>concludemus,</span> <span class='ocrx_word' id='word_1_180' title='bbox 899 1039 969 1072; x_wconf 83' lang='lat' dir='ltr'>quid</span> <span class='ocrx_word' id='word_1_181' title='bbox 994 1046 1027 1066; x_wconf 85' lang='lat' dir='ltr'>ex</span> <span class='ocrx_word' id='word_1_182' title='bbox 1053 1044 1153 1067; x_wconf 84' lang='lat' dir='ltr'>nostra</span> <span class='ocrx_word' id='word_1_183' title='bbox 1180 1040 1374 1076; x_wconf 81' lang='lat' dir='ltr'>qualicunque</span> <span class='ocrx_word' id='word_1_184' title='bbox 1397 1041 1537 1070; x_wconf 84' lang='lat' dir='ltr'>sententia</span> <span class='ocrx_word' id='word_1_185' title='bbox 1560 1041 1594 1070; x_wconf 81' lang='lat' dir='ltr'>de</span> 
     </span>
     <span class='ocr_line' id='line_1_19' title="bbox 91 1086 1336 1124; baseline 0.005 -9"><span class='ocrx_word' id='word_1_186' title='bbox 91 1087 254 1124; x_wconf 84' lang='lat' dir='ltr'>plantarum</span> <span class='ocrx_word' id='word_1_187' title='bbox 277 1086 455 1122; x_wconf 85' lang='lat' dir='ltr'>vegetatione</span> <span class='ocrx_word' id='word_1_188' title='bbox 477 1086 658 1114; x_wconf 86' lang='lat' dir='ltr'>statuendum</span> <span class='ocrx_word' id='word_1_189' title='bbox 680 1087 738 1123; x_wconf 85' lang='lat' dir='ltr'>sit;</span> <span class='ocrx_word' id='word_1_190' title='bbox 763 1093 791 1115; x_wconf 90' lang='lat' dir='ltr'>et</span> <span class='ocrx_word' id='word_1_191' title='bbox 812 1089 958 1123; x_wconf 86' lang='lat' dir='ltr'>sequentia</span> <span class='ocrx_word' id='word_1_192' title='bbox 979 1089 1072 1118; x_wconf 89' lang='lat' dir='ltr'>adhuc</span> <span class='ocrx_word' id='word_1_193' title='bbox 1092 1096 1160 1118; x_wconf 91' lang='lat' dir='ltr'>sunt</span> <span class='ocrx_word' id='word_1_194' title='bbox 1180 1093 1336 1121; x_wconf 87' lang='lat' dir='ltr'>monenda:</span> 
     </span>
    </p>

    <p class='ocr_par' dir='ltr' id='par_1_5' title="bbox 87 1136 1594 1327">
     <span class='ocr_line' id='line_1_20' title="bbox 128 1136 1594 1182; baseline 0.005 -16"><span class='ocrx_word' id='word_1_195' title='bbox 128 1137 233 1166; x_wconf 90' lang='lat' dir='ltr'>Pendet</span> <span class='ocrx_word' id='word_1_196' title='bbox 262 1137 405 1173; x_wconf 79' lang='lat' dir='ltr'>vegetatio</span> <span class='ocrx_word' id='word_1_197' title='bbox 438 1136 598 1172; x_wconf 87' lang='lat' dir='ltr'>plantarum</span> <span class='ocrx_word' id='word_1_198' title='bbox 622 1138 665 1165; x_wconf 89' lang='lat' dir='ltr'>uti</span> <span class='ocrx_word' id='word_1_199' title='bbox 691 1138 751 1166; x_wconf 88' lang='lat' dir='ltr'>vita</span> <span class='ocrx_word' id='word_1_200' title='bbox 781 1139 938 1174; x_wconf 84' lang='lat' dir='ltr'>vegetativa</span> <span class='ocrx_word' id='word_1_201' title='bbox 961 1140 1089 1168; x_wconf 88' lang='lat' dir='ltr'>omnium</span> <span class='ocrx_word' id='word_1_202' title='bbox 1112 1149 1266 1176; x_wconf 87' lang='lat' dir='ltr'>corporum</span> <span class='ocrx_word' id='word_1_203' title='bbox 1289 1144 1510 1182; x_wconf 86' lang='lat' dir='ltr'>organicorum,</span> <span class='ocrx_word' id='word_1_204' title='bbox 1535 1146 1594 1180; x_wconf 90' lang='lat' dir='ltr'>pri·</span> 
     </span>
     <span class='ocr_line' id='line_1_21' title="bbox 89 1187 1593 1232; baseline 0.005 -15"><span class='ocrx_word' id='word_1_205' title='bbox 89 1189 190 1218; x_wconf 88' lang='lat' dir='ltr'>mitive</span> <span class='ocrx_word' id='word_1_206' title='bbox 215 1197 231 1216; x_wconf 88' lang='lat' dir='ltr'>a</span> <span class='ocrx_word' id='word_1_207' title='bbox 259 1187 463 1216; x_wconf 87' lang='lat' dir='ltr'>functionibus</span> <span class='ocrx_word' id='word_1_208' title='bbox 484 1196 582 1216; x_wconf 90' lang='lat' dir='ltr'>eorum</span> <span class='ocrx_word' id='word_1_209' title='bbox 611 1188 775 1225; x_wconf 86' lang='lat' dir='ltr'>organicis,</span> <span class='ocrx_word' id='word_1_210' title='bbox 807 1190 836 1218; x_wconf 92' lang='lat' dir='ltr'>vi</span> <span class='ocrx_word' id='word_1_211' title='bbox 870 1191 952 1232; x_wconf 88' lang='lat' dir='ltr'>vitali</span> <span class='ocrx_word' id='word_1_212' title='bbox 977 1192 1006 1219; x_wconf 91' lang='lat' dir='ltr'>in</span> <span class='ocrx_word' id='word_1_213' title='bbox 1029 1199 1124 1220; x_wconf 86' lang='lat' dir='ltr'>actum</span> <span class='ocrx_word' id='word_1_214' title='bbox 1155 1194 1272 1228; x_wconf 85' lang='lat' dir='ltr'>ductis,</span> <span class='ocrx_word' id='word_1_215' title='bbox 1308 1195 1459 1231; x_wconf 86' lang='lat' dir='ltr'>praecipue</span> <span class='ocrx_word' id='word_1_216' title='bbox 1484 1204 1551 1224; x_wconf 87' lang='lat' dir='ltr'>vero</span> <span class='ocrx_word' id='word_1_217' title='bbox 1578 1205 1593 1225; x_wconf 82' lang='lat' dir='ltr'>a</span> 
     </span>
     <span class='ocr_line' id='line_1_22' title="bbox 88 1239 1591 1283; baseline 0.005 -14"><span class='ocrx_word' id='word_1_218' title='bbox 88 1239 241 1269; x_wconf 83' lang='lat' dir='ltr'>functione</span> <span class='ocrx_word' id='word_1_219' title='bbox 264 1239 479 1275; x_wconf 84' lang='lat' dir='ltr'>assimilatrice‚</span> <span class='ocrx_word' id='word_1_220' title='bbox 502 1245 601 1277; x_wconf 85' lang='lat' dir='ltr'>agente</span> <span class='ocrx_word' id='word_1_221' title='bbox 618 1240 647 1269; x_wconf 90' lang='lat' dir='ltr'>in</span> <span class='ocrx_word' id='word_1_222' title='bbox 665 1248 709 1268; x_wconf 84' lang='lat' dir='ltr'>eas</span> <span class='ocrx_word' id='word_1_223' title='bbox 727 1240 856 1269; x_wconf 75' lang='lat' dir='ltr'>materias</span> <span class='ocrx_word' id='word_1_224' title='bbox 873 1249 888 1269; x_wconf 94' lang='lat' dir='ltr'>e</span> <span class='ocrx_word' id='word_1_225' title='bbox 905 1241 1014 1277; x_wconf 88' lang='lat' dir='ltr'>quibus</span> <span class='ocrx_word' id='word_1_226' title='bbox 1038 1250 1220 1279; x_wconf 86' lang='lat' dir='ltr'>augmentum</span> <span class='ocrx_word' id='word_1_227' title='bbox 1246 1245 1450 1276; x_wconf 83' lang='lat' dir='ltr'>elementorum</span> <span class='ocrx_word' id='word_1_228' title='bbox 1470 1255 1591 1283; x_wconf 83' lang='lat' dir='ltr'>corpora</span> 
     </span>
     <span class='ocr_line' id='line_1_23' title="bbox 87 1290 724 1327; baseline 0.002 -7"><span class='ocrx_word' id='word_1_229' title='bbox 87 1291 146 1320; x_wconf 83' lang='lat' dir='ltr'>sibi</span> <span class='ocrx_word' id='word_1_230' title='bbox 168 1299 333 1327; x_wconf 73' lang='lat' dir='ltr'>comparare</span> <span class='ocrx_word' id='word_1_231' title='bbox 353 1298 493 1326; x_wconf 89' lang='lat' dir='ltr'>possunt.</span> <span class='ocrx_word' id='word_1_232' title='bbox 711 1290 724 1300; x_wconf 60' lang='lat'>&#39;⁴</span> 
     </span>
    </p>

    <p class='ocr_par' dir='ltr' id='par_1_6' title="bbox 88 1342 1593 1590">
     <span class='ocr_line' id='line_1_24' title="bbox 127 1342 1593 1386; baseline 0.005 -14"><span class='ocrx_word' id='word_1_233' title='bbox 127 1342 383 1372; x_wconf 88' lang='lat' dir='ltr'>Consideravimus</span> <span class='ocrx_word' id='word_1_234' title='bbox 403 1351 471 1379; x_wconf 86' lang='lat' dir='ltr'>ergo</span> <span class='ocrx_word' id='word_1_235' title='bbox 498 1343 555 1380; x_wconf 90' lang='lat' dir='ltr'>(ut</span> <span class='ocrx_word' id='word_1_236' title='bbox 578 1344 796 1384; x_wconf 66' lang='lat' dir='ltr'>aliquomodo</span> <span class='ocrx_word' id='word_1_237' title='bbox 819 1343 983 1385; x_wconf 77' lang='lat' dir='ltr'>quaestioni</span> <span class='ocrx_word' id='word_1_238' title='bbox 1007 1346 1174 1382; x_wconf 84' lang='lat' dir='ltr'>propositae</span> <span class='ocrx_word' id='word_1_239' title='bbox 1200 1348 1462 1386; x_wconf 78' lang='lat' dir='ltr'>responderemus)</span> <span class='ocrx_word' id='word_1_240' title='bbox 1484 1349 1535 1378; x_wconf 88' lang='lat' dir='ltr'>hac</span> <span class='ocrx_word' id='word_1_241' title='bbox 1563 1351 1593 1379; x_wconf 90' lang='lat' dir='ltr'>in</span> 
     </span>
     <span class='ocr_line' id='line_1_25' title="bbox 90 1393 1592 1437; baseline 0.004 -14"><span class='ocrx_word' id='word_1_242' title='bbox 90 1394 262 1430; x_wconf 88' lang='lat' dir='ltr'>scriptione,</span> <span class='ocrx_word' id='word_1_243' title='bbox 281 1393 450 1429; x_wconf 85' lang='lat' dir='ltr'>praecipuas</span> <span class='ocrx_word' id='word_1_244' title='bbox 465 1393 530 1424; x_wconf 85' lang='lat' dir='ltr'>illas</span> <span class='ocrx_word' id='word_1_245' title='bbox 547 1395 738 1432; x_wconf 76' lang='lat' dir='ltr'>substantias,</span> <span class='ocrx_word' id='word_1_246' title='bbox 754 1397 784 1426; x_wconf 90' lang='lat' dir='ltr'>in</span> <span class='ocrx_word' id='word_1_247' title='bbox 803 1405 873 1435; x_wconf 85' lang='lat' dir='ltr'>quas</span> <span class='ocrx_word' id='word_1_248' title='bbox 891 1405 996 1437; x_wconf 75' lang='lat' dir='ltr'>organa</span> <span class='ocrx_word' id='word_1_249' title='bbox 1013 1397 1171 1433; x_wconf 88' lang='lat' dir='ltr'>plantarum</span> <span class='ocrx_word' id='word_1_250' title='bbox 1191 1399 1343 1427; x_wconf 86' lang='lat' dir='ltr'>nutritoria</span> <span class='ocrx_word' id='word_1_251' title='bbox 1360 1408 1470 1436; x_wconf 88' lang='lat' dir='ltr'>semper</span> <span class='ocrx_word' id='word_1_252' title='bbox 1485 1408 1592 1437; x_wconf 86' lang='lat' dir='ltr'>agunt,</span> 
     </span>
     <span class='ocr_line' id='line_1_26' title="bbox 88 1436 1591 1487; baseline 0.004 -13"><span class='ocrx_word' id='word_1_253' title='bbox 88 1453 106 1474; x_wconf 87' lang='lat' dir='ltr'>e</span> <span class='ocrx_word' id='word_1_254' title='bbox 123 1445 230 1480; x_wconf 92' lang='lat' dir='ltr'>quibus</span> <span class='ocrx_word' id='word_1_255' title='bbox 252 1444 410 1480; x_wconf 87' lang='lat' dir='ltr'>principia,</span> <span class='ocrx_word' id='word_1_256' title='bbox 433 1446 579 1474; x_wconf 79' lang='lat' dir='ltr'>elementis</span> <span class='ocrx_word' id='word_1_257' title='bbox 598 1447 658 1475; x_wconf 89' lang='lat' dir='ltr'>suis</span> <span class='ocrx_word' id='word_1_258' title='bbox 681 1436 874 1483; x_wconf 77' lang='lat' dir='ltr'>homogenea,</span> <span class='ocrx_word' id='word_1_259' title='bbox 906 1448 964 1476; x_wconf 90' lang='lat' dir='ltr'>sibi</span> <span class='ocrx_word' id='word_1_260' title='bbox 984 1447 1189 1484; x_wconf 83' lang='lat' dir='ltr'>appropriant,</span> <span class='ocrx_word' id='word_1_261' title='bbox 1219 1455 1246 1476; x_wconf 86' lang='lat' dir='ltr'>et</span> <span class='ocrx_word' id='word_1_262' title='bbox 1269 1449 1329 1478; x_wconf 89' lang='lat' dir='ltr'>sine</span> <span class='ocrx_word' id='word_1_263' title='bbox 1350 1450 1456 1485; x_wconf 86' lang='lat' dir='ltr'>quibus</span> <span class='ocrx_word' id='word_1_264' title='bbox 1480 1452 1591 1487; x_wconf 78' lang='lat' dir='ltr'>plantae</span> 
     </span>
     <span class='ocr_line' id='line_1_27' title="bbox 89 1497 1588 1538; baseline 0.007 -15"><span class='ocrx_word' id='word_1_265' title='bbox 89 1502 217 1532; x_wconf 78' lang='lat' dir='ltr'>vegetare</span> <span class='ocrx_word' id='word_1_266' title='bbox 240 1503 299 1524; x_wconf 89' lang='lat' dir='ltr'>non</span> <span class='ocrx_word' id='word_1_267' title='bbox 331 1503 476 1531; x_wconf 85' lang='lat' dir='ltr'>possunt;</span> <span class='ocrx_word' id='word_1_268' title='bbox 513 1497 611 1531; x_wconf 87' lang='lat' dir='ltr'>quales</span> <span class='ocrx_word' id='word_1_269' title='bbox 637 1504 706 1526; x_wconf 91' lang='lat' dir='ltr'>sunt</span> <span class='ocrx_word' id='word_1_270' title='bbox 724 1499 827 1534; x_wconf 83' lang='lat' dir='ltr'>Aqua,</span> <span class='ocrx_word' id='word_1_271' title='bbox 861 1500 985 1528; x_wconf 88' lang='lat' dir='ltr'>Acidum</span> <span class='ocrx_word' id='word_1_272' title='bbox 1012 1498 1229 1537; x_wconf 86' lang='lat' dir='ltr'>Carbonicum,</span> <span class='ocrx_word' id='word_1_273' title='bbox 1256 1500 1436 1538; x_wconf 87' lang='lat' dir='ltr'>Oxygenium</span> <span class='ocrx_word' id='word_1_274' title='bbox 1460 1509 1488 1531; x_wconf 92' lang='lat' dir='ltr'>et</span> <span class='ocrx_word' id='word_1_275' title='bbox 1512 1504 1588 1533; x_wconf 78' lang='lat' dir='ltr'>Lux.</span> 
     </span>
     <span class='ocr_line' id='line_1_28' title="bbox 88 1545 945 1590; baseline 0.006 -15"><span class='ocrx_word' id='word_1_276' title='bbox 88 1547 219 1584; x_wconf 89' lang='lat' dir='ltr'>(organa</span> <span class='ocrx_word' id='word_1_277' title='bbox 238 1546 272 1574; x_wconf 90' lang='lat' dir='ltr'>ad</span> <span class='ocrx_word' id='word_1_278' title='bbox 293 1545 461 1575; x_wconf 87' lang='lat' dir='ltr'>functiones</span> <span class='ocrx_word' id='word_1_279' title='bbox 483 1555 551 1575; x_wconf 85' lang='lat' dir='ltr'>suas</span> <span class='ocrx_word' id='word_1_280' title='bbox 574 1549 763 1586; x_wconf 81' lang='lat' dir='ltr'>exercendas,</span> <span class='ocrx_word' id='word_1_281' title='bbox 785 1551 945 1590; x_wconf 74' lang='lat' dir='ltr'>excitans).</span> 
     </span>
    </p>
   </div>
   <div class='ocr_carea' id='block_1_3' title="bbox 83 1649 1594 2001">
    <p class='ocr_par' dir='ltr' id='par_1_7' title="bbox 83 1649 1594 1950">
     <span class='ocr_line' id='line_1_29' title="bbox 125 1649 1592 1692; baseline 0.005 -13"><span class='ocrx_word' id='word_1_282' title='bbox 125 1650 224 1685; x_wconf 82' lang='lat' dir='ltr'>Atque</span> <span class='ocrx_word' id='word_1_283' title='bbox 256 1650 324 1678; x_wconf 82' lang='lat' dir='ltr'>adeo</span> <span class='ocrx_word' id='word_1_284' title='bbox 356 1649 428 1678; x_wconf 86' lang='lat' dir='ltr'>hanc</span> <span class='ocrx_word' id='word_1_285' title='bbox 457 1658 546 1679; x_wconf 86' lang='lat' dir='ltr'>meam</span> <span class='ocrx_word' id='word_1_286' title='bbox 589 1653 818 1689; x_wconf 86' lang='lat' dir='ltr'>qualemcunque</span> <span class='ocrx_word' id='word_1_287' title='bbox 847 1654 1032 1690; x_wconf 82' lang='lat' dir='ltr'>scriptionem</span> <span class='ocrx_word' id='word_1_288' title='bbox 1067 1656 1100 1684; x_wconf 86' lang='lat' dir='ltr'>ad</span> <span class='ocrx_word' id='word_1_289' title='bbox 1132 1657 1215 1684; x_wconf 88' lang='lat' dir='ltr'>finem</span> <span class='ocrx_word' id='word_1_290' title='bbox 1249 1657 1378 1692; x_wconf 82' lang='lat' dir='ltr'>perduxi.</span> <span class='ocrx_word' id='word_1_291' title='bbox 1425 1657 1592 1686; x_wconf 86' lang='lat' dir='ltr'>Conatuum</span> 
     </span>
     <span class='ocr_line' id='line_1_30' title="bbox 87 1700 1590 1745; baseline 0.005 -15"><span class='ocrx_word' id='word_1_292' title='bbox 87 1708 213 1730; x_wconf 88' lang='lat' dir='ltr'>meorum</span> <span class='ocrx_word' id='word_1_293' title='bbox 241 1700 346 1729; x_wconf 86' lang='lat' dir='ltr'>exitum</span> <span class='ocrx_word' id='word_1_294' title='bbox 377 1702 559 1737; x_wconf 85' lang='lat' dir='ltr'>secundum,</span> <span class='ocrx_word' id='word_1_295' title='bbox 588 1704 636 1732; x_wconf 81' lang='lat' dir='ltr'>vix</span> <span class='ocrx_word' id='word_1_296' title='bbox 666 1713 776 1740; x_wconf 85' lang='lat' dir='ltr'>sperare</span> <span class='ocrx_word' id='word_1_297' title='bbox 804 1706 915 1735; x_wconf 85' lang='lat' dir='ltr'>audeo:</span> <span class='ocrx_word' id='word_1_298' title='bbox 947 1714 1070 1736; x_wconf 85' lang='lat' dir='ltr'>attamen</span> <span class='ocrx_word' id='word_1_299' title='bbox 1098 1709 1277 1744; x_wconf 86' lang='lat' dir='ltr'>audendum,</span> <span class='ocrx_word' id='word_1_300' title='bbox 1307 1709 1503 1745; x_wconf 84' lang='lat' dir='ltr'>experiendum</span> <span class='ocrx_word' id='word_1_301' title='bbox 1534 1716 1590 1737; x_wconf 83' lang='lat' dir='ltr'>est.</span> 
     </span>
     <span class='ocr_line' id='line_1_31' title="bbox 87 1752 1594 1796; baseline 0.003 -14"><span class='ocrx_word' id='word_1_302' title='bbox 87 1753 150 1782; x_wconf 89' lang='lat' dir='ltr'>Vos</span> <span class='ocrx_word' id='word_1_303' title='bbox 188 1754 284 1788; x_wconf 89' lang='lat' dir='ltr'>itaque</span> <span class='ocrx_word' id='word_1_304' title='bbox 321 1752 484 1781; x_wconf 89' lang='lat' dir='ltr'>Clarissimi</span> <span class='ocrx_word' id='word_1_305' title='bbox 520 1753 604 1784; x_wconf 80' lang='lat' dir='ltr'>Viri!</span> <span class='ocrx_word' id='word_1_306' title='bbox 645 1756 731 1793; x_wconf 87' lang='lat' dir='ltr'>hujus</span> <span class='ocrx_word' id='word_1_307' title='bbox 767 1757 931 1787; x_wconf 83' lang='lat' dir='ltr'>certaminis</span> <span class='ocrx_word' id='word_1_308' title='bbox 965 1759 1097 1795; x_wconf 84' lang='lat' dir='ltr'>judices!</span> <span class='ocrx_word' id='word_1_309' title='bbox 1143 1767 1216 1795; x_wconf 86' lang='lat' dir='ltr'>quae</span> <span class='ocrx_word' id='word_1_310' title='bbox 1253 1760 1322 1788; x_wconf 83' lang='lat' dir='ltr'>‘huic</span> <span class='ocrx_word' id='word_1_311' title='bbox 1362 1760 1514 1796; x_wconf 85' lang='lat' dir='ltr'>scriptioni</span> <span class='ocrx_word' id='word_1_312' title='bbox 1549 1760 1594 1787; x_wconf 87' lang='lat' dir='ltr'>in-</span> 
     </span>
     <span class='ocr_line' id='line_1_32' title="bbox 86 1804 1594 1846; baseline 0.003 -13"><span class='ocrx_word' id='word_1_313' title='bbox 86 1810 177 1839; x_wconf 73' lang='lat' dir='ltr'>sunt,</span> <span class='ocrx_word' id='word_1_314' title='bbox 216 1804 278 1832; x_wconf 90' lang='lat' dir='ltr'>sive</span> <span class='ocrx_word' id='word_1_315' title='bbox 300 1811 315 1831; x_wconf 88' lang='lat' dir='ltr'>a</span> <span class='ocrx_word' id='word_1_316' title='bbox 341 1804 487 1832; x_wconf 88' lang='lat' dir='ltr'>doctrinae</span> <span class='ocrx_word' id='word_1_317' title='bbox 510 1805 628 1841; x_wconf 86' lang='lat' dir='ltr'>inopia,</span> <span class='ocrx_word' id='word_1_318' title='bbox 663 1807 725 1835; x_wconf 87' lang='lat' dir='ltr'>sive</span> <span class='ocrx_word' id='word_1_319' title='bbox 758 1808 792 1836; x_wconf 85' lang='lat' dir='ltr'>ab</span> <span class='ocrx_word' id='word_1_320' title='bbox 821 1809 926 1844; x_wconf 87' lang='lat' dir='ltr'>ingenii</span> <span class='ocrx_word' id='word_1_321' title='bbox 957 1815 1126 1846; x_wconf 87' lang='lat' dir='ltr'>paupertate</span> <span class='ocrx_word' id='word_1_322' title='bbox 1157 1810 1286 1846; x_wconf 85' lang='lat' dir='ltr'>profecta</span> <span class='ocrx_word' id='word_1_323' title='bbox 1315 1810 1404 1845; x_wconf 76' lang='lat' dir='ltr'>vitia,</span> <span class='ocrx_word' id='word_1_324' title='bbox 1434 1818 1504 1846; x_wconf 87' lang='lat' dir='ltr'>quae</span> <span class='ocrx_word' id='word_1_325' title='bbox 1530 1810 1594 1845; x_wconf 87' lang='lat' dir='ltr'>qui-</span> 
     </span>
     <span class='ocr_line' id='line_1_33' title="bbox 83 1855 1593 1897; baseline 0.002 -12"><span class='ocrx_word' id='word_1_326' title='bbox 83 1857 149 1885; x_wconf 82' lang='lat' dir='ltr'>dem</span> <span class='ocrx_word' id='word_1_327' title='bbox 178 1855 253 1883; x_wconf 89' lang='lat' dir='ltr'>haud</span> <span class='ocrx_word' id='word_1_328' title='bbox 281 1863 370 1891; x_wconf 87' lang='lat' dir='ltr'>pauca</span> <span class='ocrx_word' id='word_1_329' title='bbox 396 1864 457 1884; x_wconf 88' lang='lat' dir='ltr'>esse</span> <span class='ocrx_word' id='word_1_330' title='bbox 491 1858 608 1892; x_wconf 78' lang='lat' dir='ltr'>sentio,</span> <span class='ocrx_word' id='word_1_331' title='bbox 638 1866 691 1894; x_wconf 86' lang='lat' dir='ltr'>ca,</span> <span class='ocrx_word' id='word_1_332' title='bbox 722 1867 777 1894; x_wconf 90' lang='lat' dir='ltr'>qua</span> <span class='ocrx_word' id='word_1_333' title='bbox 808 1861 877 1889; x_wconf 80' lang='lat' dir='ltr'>estis</span> <span class='ocrx_word' id='word_1_334' title='bbox 910 1869 973 1897; x_wconf 81' lang='lat' dir='ltr'>erga</span> <span class='ocrx_word' id='word_1_335' title='bbox 1007 1869 1130 1896; x_wconf 81' lang='lat' dir='ltr'>omnes,</span> <span class='ocrx_word' id='word_1_336' title='bbox 1161 1861 1334 1889; x_wconf 85' lang='lat' dir='ltr'>humanitate</span> <span class='ocrx_word' id='word_1_337' title='bbox 1358 1869 1389 1888; x_wconf 88' lang='lat' dir='ltr'>ac</span> <span class='ocrx_word' id='word_1_338' title='bbox 1420 1860 1593 1889; x_wconf 71' lang='lat' dir='ltr'>benevolen-</span> 
     </span>
     <span class='ocr_line' id='line_1_34' title="bbox 85 1905 1593 1950; baseline 0.004 -15"><span class='ocrx_word' id='word_1_339' title='bbox 85 1905 125 1935; x_wconf 82' lang='lat' dir='ltr'>tia</span> <span class='ocrx_word' id='word_1_340' title='bbox 146 1906 314 1936; x_wconf 85' lang='lat' dir='ltr'>condonetis</span> <span class='ocrx_word' id='word_1_341' title='bbox 337 1906 457 1944; x_wconf 85' lang='lat' dir='ltr'>juveni,</span> <span class='ocrx_word' id='word_1_342' title='bbox 490 1908 560 1945; x_wconf 88' lang='lat' dir='ltr'>qui,</span> <span class='ocrx_word' id='word_1_343' title='bbox 593 1909 618 1938; x_wconf 88' lang='lat' dir='ltr'>si</span> <span class='ocrx_word' id='word_1_344' title='bbox 643 1917 703 1939; x_wconf 86' lang='lat' dir='ltr'>non</span> <span class='ocrx_word' id='word_1_345' title='bbox 727 1911 877 1948; x_wconf 87' lang='lat' dir='ltr'>publicum</span> <span class='ocrx_word' id='word_1_346' title='bbox 908 1912 996 1950; x_wconf 83' lang='lat' dir='ltr'>hujus</span> <span class='ocrx_word' id='word_1_347' title='bbox 1029 1912 1192 1942; x_wconf 84' lang='lat' dir='ltr'>certaminis</span> <span class='ocrx_word' id='word_1_348' title='bbox 1217 1913 1395 1949; x_wconf 83' lang='lat' dir='ltr'>praemium,</span> <span class='ocrx_word' id='word_1_349' title='bbox 1425 1912 1504 1948; x_wconf 86' lang='lat' dir='ltr'>quod</span> <span class='ocrx_word' id='word_1_350' title='bbox 1528 1920 1593 1948; x_wconf 83' lang='lat' dir='ltr'>spe-</span> 
     </span>
    </p>

    <p class='ocr_par' dir='ltr' id='par_1_8' title="bbox 863 1963 1593 2001">
     <span class='ocr_line' id='line_1_35' title="bbox 863 1963 1593 2001; baseline 0.005 -13"><span class='ocrx_word' id='word_1_351' title='bbox 863 1963 888 1993; x_wconf 83' lang='lat' dir='ltr'>E</span> <span class='ocrx_word' id='word_1_352' title='bbox 912 1972 928 2001; x_wconf 80' lang='lat'><strong>3</strong></span> <span class='ocrx_word' id='word_1_353' title='bbox 1550 1971 1593 1992; x_wconf 81' lang='lat' dir='ltr'>ra·</span> 
     </span>
    </p>
   </div>
  </div>
 </body>
</html>
