1946 2517
292 149 609 180 COMMEN'I'ATIO
629 159 671 180 AD
692 149 993 188 QUAESTIONEM
1015 150 1355 183 PHILOSOPHICAM.
1543 165 1575 194 13

65 233 176 264 Nullus
207 232 309 262 dubito
341 233 476 262 affirmare
498 253 509 268 ‚
535 233 705 269 Epicuream
737 232 900 261 felicitatem
931 232 1063 262 homines
1099 241 1163 263 vere
1191 233 1290 263 felices
1322 235 1435 266 reddere
1466 245 1576 274 nequa-

64 294 148 323 quam
172 293 280 321 posse,
301 293 419 321 eamque
442 284 558 313 homine
581 284 727 320 indignam
757 291 830 314 esse.

101 337 276 366 Felicitatem
304 337 334 366 in
357 337 510 373 voluptate
535 336 647 373 posuit.
688 336 777 373 Quod
805 336 830 364 si
855 336 1028 372 voluptatem
1061 344 1227 373 corpoream
1255 337 1449 375 intellexerit,
1470 346 1570 369 vastus

65 389 181 425 quidem
214 397 334 425 campus
366 394 474 424 pateret
505 387 762 416 declamationibus
792 396 892 416 contra
918 388 1112 423 voluptatem:
1144 390 1194 417 sed
1226 398 1469 425 supervacaneum
1503 391 1578 420 foret

65 441 100 469 de
123 439 260 468 terrendis
289 439 438 468 effectibus
466 438 549 474 loqui
575 437 719 475 eiusmodi
745 437 969 474 philosophiae,
998 447 1070 474 quae
1102 431 1296 475 turpitudines
1330 449 1389 470 non
1408 442 1502 471 'modo
1529 426 1591 470 ex·¹

63 497 145 520 cusat
170 490 220 519 sed
245 496 274 518 et
298 489 481 526 praescribit.

104 544 233 584 Agamus
255 541 356 579 potius
394 542 428 570 de
459 540 612 577 Epicureis
650 540 833 578 dogmatibus
868 541 992 570 honesto
1028 550 1113 570 seusu
1147 543 1285 579 acceptis.
1348 543 1420 572 Nam
1459 544 1585 580 Epicu--

65 602 126 624 reae
159 594 276 622 scholae
309 591 436 621 fautores
466 591 687 620 declamationes
722 592 792 622 istas
821 600 880 621 non
909 593 1094 628 tolerandos,
1122 592 1274 629 dicerent,
1307 593 1486 630 Epicurique
1512 595 1577 630 phi.-

70 645 232 682 losophiam
256 653 316 673 non
338 645 504 680 voluptates
532 652 683 679 corporeas
706 643 899 680 intellexisse,
929 645 979 673 sed
1006 644 1194 673 Indolentiam
1220 646 1349 680 corporis
1379 652 1406 673 et
1438 647 1577 682 tranquil-

63 698 172 726 litatem
199 695 322 732 mentis;
358 702 470 724 vetasse
496 695 674 731 voluptatem
706 695 736 724 in
767 703 869 732 motu,
903 697 951 725 sed
975 696 1147 725 Felicitatem
1172 697 1309 733 posuisse
1335 697 1364 726 in
1391 697 1581 727 doloris-ab·

64 749 167 779 sentia.
1292 745 1296 750 '

101 801 184 839 Quae
209 800 323 836 quidem
345 807 437 835 quum
460 806 510 827 eos
526 798 699 827 declarantes
721 799 874 835 audimus,
898 807 994 828 nonne
1015 800 1110 837 quivis
1139 800 1227 828 simul
1250 800 1470 835 animadvertit,
1499 801 1578 836 ejus-

73 852 152 882 modi
182 851 340 880 doctrinam
368 851 477 879 iuanem
503 857 564 878 esse
594 849 806 879 subtilitatem?
846 851 989 880 Provocat
1021 851 1167 886 Epicurus
1191 851 1225 879 ad
1242 850 1389 886 animalia3
1411 859 1447 879 ex
1471 852 1578 880 anima-

63 904 143 933 libus
161 901 304 939 principia
335 908 362 929 et
394 907 521 937 systema
547 900 648 929 deduci
682 901 818 936 simulat,
853 901 922 936 quid
950 901 1066 930 autem?
1095 910 1162 929 num
1191 902 1295 930 audent
1321 901 1414 930 dicere
1445 902 1580 930 animalia.

64 955 138 985 nihil
167 953 291 989 amplius
321 953 476 980 desiderare
506 960 571 980 cum
596 951 741 988 eJ'usmodi
764 952 958 981 conditionem
992 959 1073 982 nacta
1098 959 1188 987 sunt,
1217 952 1246 980 in
1279 960 1334 987 qua
1352 961 1412 981 non
1440 953 1579 983 doleant?

69 1006 132 1036 Hac
158 1010 292 1034 contenta
315 1011 375 1032 non
399 1009 479 1031 sunt.
520 1002 624 1031 Testes
653 1002 863 1038 Epicureorum
888 1004 1018 1033 videmus
1046 1012 1158 1039 semper
1188 1011 1357 1039 semperque
1390 1011 1481 1032 novas
1513 1005 1583 1033 deli-

64 1058 144 1092 cias,
169 1062 318 1090 novasque
337 1054 394 1082 sibi
418 1043 580 1089 voluptates
607 1062 757 1089 quaerere:
780 1056 809 1083 in
830 1055 903 1084 illud
925 1057 1077 1090 intentos,
1099 1061 1130 1082 ut
1157 1060 1262 1082 statum
1292 1054 1495 1090 jucundiorem
1516 1056 1578 1084 red-

64 1110 152 1143 dant,
179 1114 207 1135 et
230 1112 379 1141 propterea
404 1105 511 1148 nuliam
545 1105 723 1141 voluptatem
754 1107 783 1134 in
813 1113 895 1136 motu
923 1108 1163 1143 praetermittere,
1192 1106 1242 1134 sed
1268 1105 1341 1133 hanc
1369 1106 1451 1141 sequi
1477 1107 1576 1142 potius

62 1167 148 1195 atque
171 1164 312 1194 appetere.
356 1156 395 1184 Hi
421 1155 509 1190 igitur
536 1164 629 1184 revera
644 1157 693 1185 illa
711 1165 873 1193 quaerunt,
894 1167 966 1194 quae
985 1158 1134 1194 Epicurus
1159 1165 1217 1185 non
1248 1157 1404 1192 quaerenda
1432 1164 1458 1185 et
1483 1165 1576 1186 vetare

62 1210 190 1240 simulat.
233 1209 311 1244 Ergo
341 1207 516 1243 principium
541 1207 680 1244 Epicurei
699 1209 843 1238 ratiocinii
867 1208 973 1238 falsum
992 1216 1055 1239 est:
1075 1209 1138 1245 ipsa
1161 1207 1293 1236 animalia
1315 1209 1489 1245 argumentis
1507 1217 1580 1239 con·

62 1262 207 1292 tradicunt
231 1261 270 1297 (1
291 1260 317 1295 ).
1270 1283 1284 1288 c

70 1338 75 1343 .
104 1313 160 1342 Sed
185 1311 382 1347 relinquamus
409 1310 562 1346 animalia,
587 1317 614 1339 et
635 1320 780 1348 ponamus
797 1312 924 1341 hominis
952 1320 1047 1341 veram
1078 1311 1245 1340 felicitatem
1273 1311 1358 1340 sitam
1384 1320 1448 1341 esse
1476 1312 1506 1342 in
1531 1315 1581 1344 In-

63 1365 198 1400 dolentia.
1580 1359 1584 1362 ’

102 1415 170 1444 Alia
190 1415 246 1451 jam
277 1413 404 1450 objectio
425 1413 525 1444 oritur.
575 1413 660 1443 Clara
682 1420 709 1443 et
737 1414 875 1444 distincta
902 1415 1075 1443 indolentiae
1106 1414 1234 1443 definitio
1265 1414 1324 1443 dari
1350 1415 1462 1450 nequit.
1506 1414 1579 1444 Tra-

66 1468 139 1499 dunt
165 1466 236 1494 hanc
262 1463 454 1493 definitionem
481 1473 539 1493 non
563 1466 659 1493 minus
681 1474 800 1502 vagam:
837 1465 994 1493 indolentia
1026 1472 1069 1494 est
1102 1465 1230 1494 absentia
1260 1465 1382 1494 doloris.
1433 1465 1488 1494 sed
1511 1466 1577 1502 quis

62 1518 175 1548 tandem
210 1516 349 1544 terminus
380 1516 432 1544 erit
463 1523 553 1550 atq-oe
582 1516 662 1544 limes
685 1537 697 1551 ‚
726 1526 811 1552 quern
847 1517 1005 1552 transgredi
1041 1524 1101 1545 non
1134 1517 1234 1546 debeat
1268 1516 1422 1545 indolentia
1441 1516 1456 1545 ’ἓ
1504 1517 1580 1545 Pro·

64 1568 143 1598 fecto
168 1566 336 1604 huJ'usmodi
363 1573 459 1594 status
493 1566 604 1595 deliniri
631 1567 752 1603 nequit,
782 1567 811 1595 iu
840 1575 900 1602 quo
929 1568 1006 1595 nulla
1041 1568 1072 1595 in
1100 1574 1179 1596 motu
1211 1568 1348 1602 voluptas
1385 1567 1470 1596 adsit.
1493 1567 1582 1597 .Pro-

63 1620 132 1656 pius
160 1617 283 1647 intuenti
311 1617 480 1654 apparebit,
510 1617 591 1653 illic,
622 1618 672 1646 ubi
696 1618 804 1647 doloris
839 1619 991 1655 absentia,
1018 1625 1044 1647 et
1070 1620 1235 1656 voluptates
1261 1619 1371 1655 quidem
1410 1619 1584 1655 negativae,-

65 1671 161 1700 nullae
187 1677 255 1698 vero
283 1669 447 1705 voluptates
473 1669 502 1697 in
531 1677 612 1698 motu
639 1669 751 1705 adesse,
769 1669 978 1706 videbantur-,1
997 1679 1131 1707 semper,
1168 1679 1339 1706 quamquam
1368 1678 1498 1706 paucas,
1538 1676 1582 1698 ta·-

56 1730 131 1766 ,φεῦ
151 1721 250 1750 adesse
280 1721 445 1756 voluptates
474 1720 618 1756 positivas
654 1721 682 1749 in
714 1727 808 1750 motu.
861 1722 1049 1758 Cogitatione
1077 1723 1241 1751 abstrahere
1266 1730 1426 1759 possumus
1458 1730 1585 1758 eumque

68 1772 154 1803 nobis
177 1771 282 1808 fingere
303 1778 435 1807 statum,
464 1773 492 1801 iu
519 1781 581 1807 quo
609 1773 687 1802 nulia
722 1773 796 1802 adsit
819 1774 954 1810 voluptas
979 1773 1007 1802 iu
1038 1782 1139 1810 motu3
1175 1781 1241 1802 mox
1271 1780 1362 1802 tamen
1387 1779 1577 1809 agnoscemus

67 1823 264 1854 conditionem
301 1823 377 1852 iilam
406 1832 465 1853 nou
487 1824 544 1853 :iai
574 1824 681 1861 ingenii
706 1825 800 1855 lusum
821 1834 900 1863 esse,
929 1834 1022 1863 neque
1048 1834 1141 1856 reuera
1168 1827 1299 1856 existere,
1350 1824 1508 1862 Apparebit
1528 1823 1580 1852 ho·

1532 1882 1586 1904 mi·-

103 1973 166 2008 (ι)
184 1973 229 2001 Οἵ.
248 1974 317 2001 Pint.
338 1975 367 2001 cle
387 1975 455 2001 Υἱῑῐ.
475 1975 545 2002 Mor„
570 1977 603 2004 C.
617 1978 630 2003 8
649 1983 673 2002 et
691 1976 732 2004 16.

815 2033 840 2065 Β
860 2043 878 2074 3
