1946 2517
332 173 370 197 ,ο
754 155 1355 196 Η.Βοεεοηᾼ·;

325 257 425 290 facere
460 255 522 288 fuit
555 263 698 287 necesse:
737 253 780 285 ita
809 258 847 284 ut
881 251 935 283 vix
965 250 1138 295 quisquam
1163 253 1481 294 universum·genus
1503 251 1789 295 complecteretur,

324 313 379 345 sed
404 319 441 345 ut
465 312 546 344 alius
573 311 665 343 aliam
688 309 749 343 sibi
777 316 917 353 partem,
948 309 982 339 in
1006 318 1070 351 qua
1093 307 1290 347 elaboraret,
1323 314 1500 351 seponeret.
1556 308 1657 341 Iidem
1684 302 1798 340 tamen'

321 369 367 402 illi
399 368 574 400 medicinae
599 366 780 404 rationalis,
813 376 910 409 quam
940 364 1153 408 dogmaticam
1179 364 1278 408 vulgo
1305 374 1555 407 nuncupamus,
1590 374 1792 407 progressus,

321 425 440 456 sensim
481 423 566 454 illam
600 421 782 453 medecinae
814 427 957 463 partem,
988 430 1072 463 quae
1094 430 1192 451 manu
1221 420 1390 458 medetur,
1422 421 1628 463 opprimere,
1660 421 1794 463 ejusque

320 478 522 522 splendorem
558 479 678 510 mirum
708 479 742 509 in
775 476 908 508 modum
939 476 1106 509 obfuscare
1129 486 1317 522 coeperunt.
1363 479 1478 520 Quum
1503 480 1590 510 enim
1618 479 1711 509 initio
1737 479 1797 509 As·

315 533 465 577 clepiadis
501 545 698 566 successores
733 540 938 565 externorum
967 533 1156 565 morborum
1184 545 1312 573 curam,
1344 534 1518 566 vulnerum
1543 534 1795 577 frictionumque

316 591 501 633 negotium,
533 591 599 622 imo
634 590 817 622 luxatorum
843 589 1061 621 membrorum
1092 589 1318 629 reductiones,
1361 590 1437 623 filiis
1464 593 1531 623 suis
1555 590 1794 633 relinquerent,

318 652 413 688 atque
444 646 497 676 alii
523 646 638 677 medici
665 646 775 677 eadem
800 645 877 675 haec
894 644 1059 688 discipulis
1084 648 1150 678 suis
1171 647 1378 684 mandarent,
1407 657 1482 677 mox
1509 647 1603 678 etiam
1630 653 1799 688 tantopere

318 700 516 733 medicorum
556 703 711 740 increvit,
754 701 899 733 socordia
929 701 1034 732 dicam
1064 712 1105 733 an
1135 703 1307 746 superbia,
1346 710 1404 741 ut,
1436 704 1575 746 exceptis
1601 702 1795 746 quibusdam

319 758 451 800 majoris
487 759 642 789 momenti
672 757 912 801 operationibus
933 781 944 795 ,
986 764 1089 789 cetera
1118 760 1247 796 omnia,
1286 769 1368 801 quae
1391 769 1501 790 curam
1528 764 1670 802 spectant
1691 764 1796 789 exter-

323 824 399 845 nam
416 836 427 851 ,
445 815 544 845 servis
563 814 781 856 relinquerent
800 813 1144 847 subministratoribus.
1173 817 1212 846 Et
1230 826 1298 846 eam
1315 816 1581 848 consuetudinem
1593 839 1603 854 ‚
1620 825 1701 859 quae
1724 814 1798 857 qui-

322 869 395 901 dem
419 871 560 913 primum
589 871 621 900 in
638 870 721 901 ludis
735 871 902 913 Gymnicis
917 876 1041 901 tantum
1062 870 1168 902 locum
1189 871 1337 903 habuisse
1356 871 1499 911 videtur,
1522 871 1651 903 taudem
1665 879 1798 914 quoque

322 925 364 957 ad
390 927 531 969 privatos
551 937 619 958 sese
641 926 818 958 extendisse
844 927 991 958 homiues
1019 926 1171 969 legimus,
1198 939 1339 972 quorum
1360 929 1452 961 multi
1474 940 1582 961 servos
1606 927 1794 970 hujusmodi

323 983 512 1026 pascebant:
555 990 650 1027 atque
686 987 728 1016 ita
755 984 895 1026 denique
919 990 1092 1026 propagata
1115 991 1162 1015 est
1186 983 1264 1015 haec
1290 984 1384 1016 fundi
1405 987 1508 1016 nostri
1535 985 1696 1017 calamitas
1713 1007 1724 1022 ‚
1758 989 1797 1015 ut

323 1038 405 1070 iufra
433 1040 547 1071 medici
571 1040 759 1082 dignitatem
789 1039 980 1078 haberetur,
1010 1048 1139 1072 externa
1161 1052 1272 1072 curare
1297 1041 1390 1073 mala.
1444 1043 1528 1073 Hinc
1549 1041 1714 1073 Oribasius
1735 1038 1795 1070 ubi

323 1093 365 1125 de
386 1093 605 1127 luxationibus
627 1102 659 1127 et
681 1094 828 1126 fracturis
856 1095 1022 1138 loquitur,
1057 1096 1150 1134 illae,
1182 1097 1308 1139 inquit,
1339 1107 1425 1140 quae
1453 1108 1553 1129 manu
1582 1097 1691 1127 curari
1714 1105 1797 1138 que-

323 1156 404 1190 ant,
438 1150 482 1182 ab
509 1153 563 1189 iis,
602 1154 660 1195 qui
683 1162 802 1195 pueros
832 1154 971 1194 corporae‘s
1000 1154 1260 1184 exercitationem
1289 1152 1421 1191 docent,
1458 1157 1576 1197 quique
1601 1151 1795 1184 athletarum

323 1218 433 1239 curam
457 1216 590 1252 gerunt,
631 1212 749 1253 optime
782 1212 989 1241 restituuntur.
1048 1210 1140 1239 Haec
1176 1211 1268 1251 igitur
1304 1216 1337 1240 ec
1369 1209 1436 1241 alia
1473 1213 1583 1242 omnia
1613 1219 1697 1253 quae
1725 1217 1796 1238 ma·

323 1275 423 1296 nuum
450 1276 550 1309 opera
576 1273 744 1304 curantur,
783 1265 893 1297 melius
914 1265 958 1296 ab
987 1266 1212 1297 exercitoribus
1238 1266 1398 1298 obeuntur
1411 1290 1423 1306 ‚
1457 1269 1606 1310 quocirca
1633 1265 1714 1296 haec
1740 1262 1796 1294 de-

324 1320 520 1353 mandantur
554 1321 712 1364 ejusmodt'
739 1322 930 1354 hominibus.
985 1323 1023 1352 Et
1059 1332 1230 1365 quousque
1257 1321 1331 1354 deiu
1347 1346 1356 1362 ‚
1385 1331 1547 1355 crescente
1571 1325 1794 1354 Romanorum

323 1375 467 1415 luxuria,
497 1377 609 1409 talium
634 1388 800 1409 servorum
824 1379 959 1408 creverit
984 1388 1157 1416 numerus,
1192 1379 1299 1409 sciunt
1321 1379 1549 1422 antiquitatum
1574 1381 1679 1423 periti.
1723 1381 1792 1409 Ser-

324 1442 382 1463 vos
411 1435 498 1464 enim
527 1431 688 1463 habebant
723 1442 791 1462 non
821 1438 947 1462 tautum
976 1439 1142 1471 tonsores,
1180 1434 1396 1471 balneatores,
1429 1434 1641 1475 dropacistas,
1678 1434 1733 1464 sed
1760 1438 1793 1464 et

323 1495 489 1528 unctores,
513 1495 716 1531 tractatores,
738 1489 923 1529 fricatores,
946 1488 1124 1528 ocularios,
1146 1488 1323 1532 permultos
1339 1489 1438 1528 alios,
1462 1490 1519 1533 qui
1534 1497 1654 1533 partem
1670 1488 1796 1520 chirur-

322 1545 391 1587 giae
413 1546 612 1578 exercebant.

363 1602 410 1631 Ex
443 1601 530 1632 hisce
558 1601 675 1644 igitur,
709 1607 741 1632 et
769 1611 851 1645 quae
875 1607 982 1644 postea
1011 1601 1149 1643 habuit,
1182 1601 1350 1644 Chirurgia
1375 1602 1466 1644 fatis,
1500 1613 1583 1646 quae
1607 1602 1716 1634 omnia
1738 1602 1793 1635 bic

321 1667 467 1689 enarrare
492 1657 627 1700 longum
649 1659 708 1697 sit,
746 1658 839 1697 satis,
875 1661 909 1689 ni
933 1657 1043 1697 fallor,
1078 1665 1226 1702 apparet,
1257 1658 1297 1690 ab
1320 1670 1359 1691 eo
1384 1661 1531 1703 inprimis
1558 1666 1700 1703 tempore
1722 1671 1790 1703 quo

322 1714 480 1746 medicina
514 1716 615 1757 magis
648 1715 733 1747 culta
764 1714 844 1752 fuit,
880 1726 946 1746 non
975 1721 1099 1746 tantum
1129 1715 1332 1758 Chirurgiam
1359 1716 1400 1748 ab
1427 1727 1463 1747 ea
1490 1715 1587 1747 fuisse
1609 1715 1791 1756 divulsam,

322 1780 435 1801 verum
458 1771 553 1803 etiam
579 1772 693 1814 partim
725 1781 850 1802 caussas
877 1771 972 1814 liujus
998 1773 1206 1814 separationis
1235 1775 1338 1815 ipsas,
1370 1773 1487 1816 partim
1514 1771 1649 1804 abusum
1670 1771 1791 1804 effecis-

325 1836 387 1865 se,
426 1833 462 1858 ut
495 1827 729 1859 malevolorum
766 1828 1052 1860 obtrectationibus
1086 1835 1118 1860 et
1151 1829 1358 1872 ignominiis,
1398 1828 1596 1861 nobilissima
1626 1829 1678 1861 illa
1713 1839 1788 1868 ars,

325 1893 406 1924 quae
437 1890 594 1926 perpetuo
626 1883 749 1915 lumine
782 1885 907 1916 miseris
943 1887 1132 1919 mortalibus
1163 1886 1324 1930 adfulgere
1353 1887 1526 1926 debuerat,
1560 1887 1618 1919 diu
1641 1897 1791 1930 oppressa

325 1938 463 1980 jaceret:
496 1942 562 1972 imo
577 1963 587 1980 ,
628 1940 747 1984 quibus
772 1952 811 1974 ex
838 1949 927 1985 parte
951 1943 1135 1977 adhucdum
1159 1944 1293 1987 ingemit
1317 1949 1411 1987 atque
1438 1945 1583 1987 suspirat.
1640 1943 1792 1976 perversa

1707 2009 1795 2031 emm
