1946 2517
746 141 1091 176 GULtELMt
1146 139 1475 172 DELPRAT‘

930 263 1241 284 -ᾲ

653 384 977 427 PARS
1088 378 1538 425 PRIMA5

439 492 665 517 ΕΧΡΟΞΙΤῘΟ
697 493 748 514 ΕΤ
781 490 1065 523 Dtjunlctt'rxo
1101 489 1334 511 DOGMATUM
1363 486 1541 509 EPICURI
1569 483 1622 507 DE
1651 483 1746 507 ΕΘΝ·

652 552 1138 587 ῙΟΝΟΤΧΟΝΕ,ἾΙΚΤΗΤ18
1168 552 1217 573 ΕΤ
1250 547 1535 571 FELICl'rAtls·

683 764 1009 800 CA”PUT
1097 760 1515 799 PRIMUM,

937 865 1163 889 Expostho
1189 857 1268 895 (t).

347 947 534 1018 Epicurus
561 980 704 1017 duplicem
725 980 878 1016 distinguit
899 979 1092 1014 felicitatem,
1112 979 1227 1007 alteram
1250 985 1320 1013 quae
1343 985 1435 1013 neque
1454 974 1550 1012 augeri
1571 982 1663 1010 neque
1687 974 1776 1004 minui
1800 983 1853 1011 po-

349 1039 405 1061 test
430 1032 512 1069 (2).
555 1030 610 1059 Sed
631 1031 721 1059 donec
741 1031 866 1058 vivimus
889 1028 1040 1064 perfectam
1061 1029 1136 1056 illam
1157 1027 1322 1056 felicitatem
1338 1048 1348 1062 ‚
1374 1036 1446 1063 quae
1462 1027 1525 1055 Deo
1544 1027 1599 1054 soli
1621 1026 1787 1063 contingit,
1813 1035 1859 1055 as.

349 1083 431 1118 sequi
450 1090 509 1110 non
536 1089 693 1117 possumus
715 1081 794 1118 (3).
836 1081 904 1108 Non
923 1079 1014 1115 igitur
1032 1077 1067 1106 de
1091 1079 1143 1106 hac
1170 1078 1341 1113 loquimur,
1379 1086 1444 1106 cum
1469 1085 1500 1105 ea
1520 1077 1702 1111 meditamur,
1723 1085 1795 1112 quae
1812 1076 1856 1106 fe.

347 1135 483 1163 licitatem
508 1132 650 1161 efficiunt:
681 1132 730 1161 sed
757 1133 791 1160 cle
816 1131 914 1159 altera
944 1139 973 1158 ea
1000 1130 1111 1158 scilicet
1136 1137 1218 1165 quam
1245 1128 1376 1157 homines
1400 1128 1515 1164 assequi
1540 1136 1711 1164 possumus.
1761 1128 1855 1165 Igitur

348 1193 455 1214 statum
485 1183 648 1219 quaerimus
679 1183 707 1212 in
730 1191 789 1218 quo
820 1184 959 1211 bonorum
987 1180 1214 1210 necessariorum
1244 1187 1328 1215 quam
1350 1180 1526 1215 plurimum,
1549 1179 1686 1207 malorum
1716 1186 1855 1213 quorum-

347 1237 392 1265 vis
419 1243 502 1271 quam
528 1235 676 1262 minimum
703 1234 797 1270 adsit,
823 1241 908 1268 atque
935 1232 1004 1260 adeo
1029 1232 1057 1260 in
1083 1239 1143 1267 quo
1166 1231 1309 1258 traducere
1330 1230 1415 1259 vitam
1447 1231 1593 1266 suaviter,
1615 1230 1766 1265 tranquille
1789 1238 1853 1266 per·

348 1294 491 1316 manenter
513 1287 616 1320 detur,
639 1293 778 1321 quantum
805 1286 918 1321 quidem
945 1291 1072 1319 tempora
1101 1281 1278 1318 permiserint
1299 1281 1380 1317 (4).

385 1337 519 1368 Dicimus
547 1343 640 1365 autem
662 1336 837 1374 voluptatem
859 1337 954 1363 beatae
980 1335 1056 1362 vitae
1082 1333 1255 1368 principium
1284 1340 1314 1360 ac
1341 1332 1423 1359 finem
1452 1340 1514 1359 esse
1534 1332 1611 1368 (5).
1663 1332 1695 1360 Id
1719 1341 1854 1368 compro.

346 1391 469 1418 bandum
488 1388 582 1426 primo
604 1388 737 1417 universe
761 1394 826 1422 est,
848 1395 879 1415 ac
906 1386 1055 1415 dicendum
1082 1383 1227 1420 posterius
1251 1382 1280 1411 in
1305 1390 1426 1418 quanam
1446 1383 1592 1419 voluptate
1613 1383 1760 1420 speciatim
1783 1391 1855 1414 con-

344 1442 438 1470 siStat.

1784 1486 1858 1524 Qui-

378 1568 414 1601 (ῃ
429 1568 443 1602 )
463 1568 556 1594 Fontes
577 1574 608 1593 ex
622 1567 714 1599 quibus
733 1566 884 1599 Epicuream
904 1564 1094 1597 Philosophiam
1113 1562 1237 1588 Moralem
1255 1561 1369 1588 conficio
1389 1568 1446 1587 sunt
1468 1563 1562 1589 cicero
1578 1569 1602 1588 et
1618 1570 1649 1588 ex
1666 1563 1792 1591 Cicerone
1807 1567 1854 1590 im-

341 1616 430 1648 primis
447 1616 503 1640 libri
521 1615 531 1640 1
550 1621 575 1639 et
593 1614 618 1640 ΙΙ
639 1614 670 1638 de
690 1614 801 1639 Finibus.
838 1613 871 1638 lit
899 1611 1019 1644 profecto
1040 1618 1071 1635 ex
1097 1610 1210 1636 fontibus
1234 1608 1375 1640 Epicureae
1398 1614 1423 1633 et
1446 1608 1546 1635 Stoicae
1562 1609 1741 1641 Philosophiae
1758 1611 1853 1637 Cicero

341 1669 405 1686 unus
426 1661 487 1686 mihi
501 1662 575 1685 instar
589 1661 700 1685 omnium
716 1659 773 1687 fuit.
809 1660 837 1685 In
855 1659 959 1684 caeteris
978 1657 1040 1683 nihil
1054 1657 1106 1682 sere
1121 1655 1202 1681 inveni
1222 1655 1291 1686 quod
1312 1661 1362 1679 non
1378 1654 1428 1685 jam
1448 1655 1542 1680 Cicero
1564 1662 1605 1681 aut
1621 1662 1793 1688 pertractasset
1811 1664 1853 1682 aut

340 1714 407 1733 certe
421 1707 556 1739 attigisset.
591 1707 723 1732 Caeterum
742 1706 891 1736 Lucretius,
912 1703 1077 1734 Plutarchus,
1100 1703 1228 1734 Diogenes
1248 1701 1381 1731 Laertius,
1407 1701 1529 1727 stobaeus
1548 1708 1572 1727 et
1594 1701 1718 1727 Gasseudi
1740 1702 1801 1728 milti
1817 1703 1853 1728 in-

340 1754 441 1785 signiter
455 1752 613 1786 profuerunt.

374 1798 438 1833 (ε)
458 1800 562 1831 Epicur.
576 1806 620 1831 ap.
635 1799 712 1830 Diog.
732 1798 815 1824 Laert.
834 1798 865 1823 Χ.
885 1804 941 1823 121.

374 1846 438 1880 (3)
459 1846 580 1871 Gasscndi
597 1845 627 1870 dc
641 1845 804 1876 Philosophia
829 1844 953 1876 Epicur„
972 1843 1004 1869 T.
1020 1842 1056 1868 11.
1075 1850 1100 1874 p-
1114 1848 1156 1873 33.
1174 1841 1227 1867 eol.
1244 1849 1270 1868 2.
1289 1838 1362 1873 (Ed.
1380 1839 1421 1866 Αἰ.
1440 1837 1546 1872 1685).

377 1892 440 1925 (4)
461 1893 498 1919 ld.
527 1892 576 1918 111.
596 1899 621 1923 P.
635 1892 696 1924 428.
722 1892 775 1916 col.
797 1898 820 1916 r.
840 1897 863 1915 ct
883 1891 917 1916 11.
936 1897 962 1921 p.
983 1895 1025 1921 25.
1044 1890 1095 1914 col.
1112 1897 1138 1915 2.

376 1938 445 1970 (5)
466 1939 540 1970 Epic.
560 1939 582 1962 in
602 1938 652 1969 Ep.
671 1937 701 1961 ad
721 1937 843 1963 Menoec.
868 1944 909 1969 ap.
936 1937 1014 1968 Diog.
1036 1935 1142 1966 Laeta,
1165 1934 1224 1961 Lib.
1242 1933 1275 1960 X.
1293 1933 1318 1967 §-
1334 1934 1391 1960 228.
1425 1932 1482 1959 Cic.
1501 1932 1557 1959 Fin.
1571 1931 1595 1959 1.
1616 1938 1654 1958 10.
1682 1932 1752 1959 Sext.
1775 1931 1849 1966 Emp.

343 1987 399 2013 adv.
420 1984 540 2011 Matiana.
559 1986 605 2011 Xl.
630 1990 675 2016 53·
