1946 2517
150 864 273 934 Quod
311 895 419 927 virum
448 902 610 937 quemque
642 892 790 933 honum,
825 891 986 937 imprimis
1021 891 1244 935 Philosophiae
1274 891 1467 937 divinaeque
1493 895 1625 927 Revela-

149 951 248 983 tionis
279 950 454 996 praeceptis
481 949 662 989 imbutum,
697 961 732 981 ac
758 949 799 982 de
825 949 978 993 providae
999 950 1058 980 Dei
1084 952 1123 982 O.
1146 951 1200 988 M,
1226 960 1289 993 qua
1321 957 1451 982 cunctas
1482 962 1532 983 res
1566 951 1627 984 hu.

150 1018 262 1040 manas
287 1006 525 1051 complectitur,
547 1018 642 1039 curae
670 1007 703 1039 vi
726 1013 757 1038 et
777 1008 917 1047 ratione,
941 1008 986 1039 sic
1008 1007 1057 1039 uti
1079 1018 1136 1051 par
1158 1013 1224 1050 est,
1247 1008 1455 1046 sentientem,
1478 1019 1514 1039 re
1548 1020 1627 1052 qua.

150 1063 225 1096 dam
265 1065 515 1096 momentosiore
550 1075 568 1095 a
601 1075 635 1096 se
665 1064 717 1096 vel
754 1071 906 1104 strenue,
942 1063 994 1097 vel
1024 1063 1156 1095 feliciter
1191 1070 1300 1106 gesta,
1339 1065 1487 1096 omnium
1525 1066 1622 1097 mini-

148 1130 200 1151 me
233 1120 428 1151 omissurum
466 1119 628 1157 arbitror,
673 1127 710 1151 ut
746 1123 907 1159 Summo,
949 1121 1001 1151 cui
1035 1119 1153 1151 laetum
1195 1120 1240 1150 rei
1269 1126 1420 1151 eventum
1462 1131 1495 1151 se
1527 1120 1622 1152 debe·

148 1184 183 1206 re
224 1174 403 1217 intelligat,
438 1176 498 1206 Dei
527 1175 679 1211 Nummi,
709 1181 741 1206 et
777 1176 869 1206 tacite
903 1186 1030 1213 secum,
1062 1181 1110 1214 et,
1146 1176 1173 1206 si
1201 1175 1369 1206 commode
1397 1174 1468 1207 fieri
1497 1183 1621 1219 potest,

147 1229 251 1274 palam
280 1242 427 1274 quoque,
449 1230 571 1262 debitas
596 1237 667 1273 agat
698 1231 830 1273 gratias;
854 1230 886 1262 id
911 1229 1008 1262 hodie
1035 1240 1107 1268 me,
1128 1230 1317 1273 gravissimo
1342 1233 1485 1262 Rectoris
1509 1243 1623 1263 mune-

145 1297 180 1318 re
210 1286 396 1326 abeuntem,
427 1288 454 1319 si
481 1298 579 1331 quem
607 1287 727 1326 aliurn,
751 1287 883 1325 decere,
905 1293 938 1318 et
960 1287 1122 1330 persentio
1141 1293 1172 1318 et
1195 1286 1311 1318 lubens
1339 1286 1512 1319 admodum
1542 1288 1622 1319 hila-

147 1343 256 1387 risque
286 1343 452 1387 profiteor.
495 1345 595 1383 Nam,
620 1355 694 1375 cum
723 1343 887 1382 dolorem,
912 1354 950 1374 ex
974 1345 1097 1387 privata
1121 1343 1298 1375 calamitate
1327 1351 1529 1386 susceptum,
1555 1351 1620 1376 tam

144 1411 252 1432 meum
271 1411 367 1443 quam
389 1407 550 1439 vestrum,
576 1402 690 1444 optimi
711 1400 878 1443 Collegae,
898 1411 1092 1432 SMALLEN
1107 1410 1228 1431 anaor
1251 1406 1282 1431 et
1310 1411 1428 1438 BAKl,
1452 1407 1621 1443 quantum·

145 1458 195 1488 vis
227 1457 444 1488 acutissimum
462 1481 471 1494 ,
502 1458 535 1488 in
570 1457 699 1501 publica
730 1457 909 1497 hilaritate,
938 1456 1156 1499 sepeIIendum
1183 1467 1251 1487 esse
1283 1463 1415 1498 putem,
1443 1464 1529 1494 tum,
1559 1466 1618 1488 nec

144 1511 214 1544 leve
243 1519 317 1552 est,
350 1524 409 1544 nee
442 1514 532 1556 parvi
570 1513 773 1552 ducendum,
810 1513 920 1556 quod,
960 1513 1115 1556 quicquid
1151 1523 1322 1543 rumorum
1359 1523 1617 1555 quaquaversum

144 1569 318 1612 sparserint
345 1568 395 1600 vel
422 1570 522 1613 inepti
553 1570 700 1602 homines
731 1570 782 1601 vel
803 1569 971 1608 malevoli,
993 1572 1027 1601 in
1051 1579 1125 1600 eum
1150 1570 1354 1611 Magistratus
1382 1580 1472 1601 meus
1495 1581 1617 1602 aunum

140 1625 307 1663 inciderit,
332 1637 398 1668 quo
426 1626 679 1670 tranquilliorem
709 1629 764 1659 vix
790 1637 934 1669 unquam
960 1625 1073 1657 habuit
1099 1624 1287 1664 Academia3
1311 1629 1431 1669 quique
1456 1626 1615 1658 Professo-

140 1692 213 1712 rum
236 1682 367 1725 quidem
388 1680 453 1713 fato
478 1683 721 1714 occumbentem
750 1683 832 1717 vidit
861 1686 1040 1721 neminem,
1064 1684 1141 1726 ipsis
1167 1686 1284 1715 nostris
1304 1686 1456 1722 Senibus,
1480 1685 1536 1727 qui
1561 1696 1617 1717 ru-

140 1738 180 1769 ‹le
203 1738 311 1771 donati
335 1746 426 1777 sunt,
452 1740 540 1784 quod
559 1740 736 1778 laetamur,
759 1740 842 1771 bene
865 1739 1064 1777 valentibus,
1092 1739 1314 1771 Studiosorum
1339 1751 1415 1771 vero
1439 1752 1610 1773 numerum

139 1794 219 1826 adeo
239 1806 306 1827 non
331 1797 563 1836 imminutum,
588 1804 624 1828 ut
650 1797 737 1828 haud
761 1797 961 1828 mediocriter
992 1797 1033 1828 sit
1054 1803 1173 1828 auctus.
1220 1799 1422 1840 Quamquam
1455 1805 1610 1840 quatuor,

139 1851 228 1895 quod
260 1856 375 1893 sciam,
403 1856 548 1898 egregios
574 1855 725 1898 juvenes,
760 1864 1116 1891 nsscnunooauurr,
1151 1864 1381 1890 renuerunt,
1407 1865 1609 1886 turraniu-

138 1918 256 1948 smm,
289 1920 577 1952 sonnrnsrum,
611 1913 780 1943 immatura
817 1911 911 1943 nobis
947 1910 1122 1954 acerbaque
1156 1917 1259 1942 morte
1290 1910 1437 1941 dolemus
1474 1918 1609 1953 ereptos.

137 1967 296 1999 Praeterea
321 1968 360 2000 iis
389 1970 423 2000 in
454 1971 640 2001 uuiversum
672 1968 817 2001 moribus
842 1968 973 2000 fuerunt
1007 1968 1109 1999 nostri
1134 1968 1242 2008 cives,
1272 1978 1307 1998 ea
1337 1967 1370 1998 in
1399 1967 1512 1999 studiis
1535 1974 1611 1998 stre-

902 2029 929 2058 A
956 2023 976 2056 3
1548 2034 1612 2056 nne
