1946 2517
301 131 619 163 COMMENTATIO
638 141 680 162 AD
701 131 1001 172 QUAESTIONEM
1021 131 1361 166 PHILOSOPHICAM.
1552 146 1586 171 17

84 216 237 244 maximum
264 216 417 244 remedium
444 225 478 245 ex
497 217 619 253 Epicuri
645 217 789 253 therama,
809 224 841 246 ut
859 217 963 246 Cicero
981 217 1040 253 ait,
1061 217 1117 247 hoc
1139 224 1200 247 est:
1223 218 1248 246 si
1271 219 1353 247 dolor
1379 226 1498 255 magnus
1516 226 1577 255 est,

76 267 169 296 brevis
196 265 266 301 erit;
289 266 314 294 si
340 268 467 304 longus,
488 269 571 298 levis.

115 318 204 355 Quod
231 318 266 346 ad
293 319 412 354 primam
438 319 525 356 huJ'us
555 318 709 347 sententiae
732 324 837 354 partem
863 319 985 354 attinet,
1015 319 1126 348 etiamsi
1156 327 1219 348 vera
1246 320 1304 354 sit,
1335 325 1427 347 tamen
1454 328 1488 348 eo
1513 321 1577 356 ipso

75 375 222 406 tempore,
244 377 304 405 quo
319 369 477 398 vehementi
496 370 547 398 illo
567 370 641 397 malo
662 370 845 404 laboramus,
865 370 1013 398 miserrimi
1032 378 1153 404 sumus,
1177 371 1313 406 omnique
1333 371 1440 398 solatio
1460 371 1579 399 destitu-

79 421 114 449 ti.
153 419 239 449 Licet
265 426 377 457 tempus
404 421 488 450 breve
515 421 574 455 sit,
596 420 707 449 ratione
728 420 824 448 habita
844 421 964 449 aliorum
990 421 1174 455 morborum,
1196 427 1289 449 tamen
1313 422 1431 457 longum
1459 428 1579 450 estnon

76 472 173 506 solum
197 471 228 499 in
253 471 393 508 opinione
419 471 614 508 aegrotantis,
636 472 686 500 sed
707 479 825 507 quoque
850 471 875 499 si
892 478 1073 508 comparatur
1096 475 1162 499 cum
1188 471 1364 500 vehementia
1390 472 1465 501 mali.
1506 472 1573 501 Sae-

71 522 194 560 pissime
216 530 335 559 quoque
351 523 482 552 homines
506 531 556 558 per
583 522 780 551 crudelissima
801 522 873 550 mala
897 530 956 552 non
979 523 1100 557 subito,
1131 523 1179 551 sed
1203 522 1306 550 sensim
1322 521 1485 558 sensimque
1508 532 1578 553 con-

71 580 238 604 sumuntur.
277 573 318 602 Et
341 574 368 602 si
390 574 536 603 intervalla
566 573 650 602 habet
683 572 820 608 morbus,
849 579 917 609 post
946 573 1014 602 haec
1039 573 1185 602 intervalla
1209 573 1253 601 vis
1280 573 1346 601 mali
1366 581 1399 602 eo
1426 574 1574 604 vehemen-

70 625 131 655 tius
154 631 255 662 urget3
278 625 367 662 igitur
387 625 489 661 parvi,
510 632 545 653 ne
571 624 662 652 dicam
687 623 796 653 nullius
819 624 905 660 pretii
929 624 994 652 talia
1024 624 1170 653 intervalla
1195 623 1322 653 habenda
1347 630 1428 654 sunt.

111 675 168 705 Sed
186 683 329 712 ponamus
352 677 455 705 malum
480 683 614 712 magnum
645 675 729 703 breve
749 683 810 703 esse
833 676 936 705 solere.
979 675 1040 704 Cur
1060 676 1102 703 sic
1124 675 1224 704 solet?
1245 675 1381 710 quoniam
1407 683 1484 704 mors
1506 676 1574 705 haec

70 727 146 756 mala
174 727 253 756 brevi
281 727 421 757 terminat.
464 727 586 763 Egregia
613 725 745 762 profecto
771 725 953 755 consolatio!
977 726 1082 761 quodsi
1106 733 1183 754 nunc
1206 732 1348 761 praeterea
1372 734 1512 755 recurrere
1528 728 1578 755 de-

72 765 151 807 beret
171 778 260 807 homo
275 778 310 806 ad
325 777 448 813 Epicuri
469 783 569 806 contra
589 783 708 805 mortem
729 776 851 812 solatia,
871 777 906 806 ad
920 776 1103 805 miserrimam
1121 776 1318 806 conditionem
1341 777 1376 805 ad
1395 777 1575 813 desperatio-

68 835 133 857 nem
159 828 218 857 fere
241 828 423 865 redigeretur.

106 879 149 908 At
177 879 301 908 fortasse
324 879 390 914 quis
415 879 502 907 vellet
523 878 645 915 Epicuri
669 885 794 916 systema
816 879 970 915 amplecti,
999 879 1131 908 omittere
1154 886 1221 908 vero
1245 886 1275 908 ea
1308 886 1380 914 quae
1401 879 1476 907 circa
1499 886 1575 907 mor-

67 935 126 961 tem
153 930 251 960 tradit.
298 928 355 958 Sed
377 929 428 966 qui
451 929 658 959 immortalitati
683 930 794 965 credit,
821 930 892 965 quid
921 929 989 957 huic
1013 929 1123 958 homini
1151 936 1217 958 cum
1241 928 1363 966 Epicuri
1385 929 1574 965 philosophia

62 980 162 1010 esset?

104 1033 153 1061 Ad
174 1033 286 1061 alteram
316 1032 472 1062 sententiae
496 1038 604 1068 partem
632 1032 713 1067 quod
739 1031 860 1066 attinet,
889 1031 913 1059 si
937 1031 1056 1067 longum
1079 1036 1123 1059 est
1149 1031 1275 1066 malum,
1304 1031 1365 1059 leve
1391 1036 1455 1066 est3
1490 1032 1574 1060 etiarn

68 1082 127 1112 hoc
150 1083 252 1112 refellit
269 1083 462 1119 experientia.
504 1083 571 1120 Ipsa
593 1090 710 1119 quoque
735 1081 874 1117 temporis
898 1080 1073 1109 diuturnitas
1089 1099 1101 1116 ,
1135 1088 1195 1116 quo
1225 1081 1297 1109 mala
1322 1081 1467 1117 patimur,
1495 1087 1574 1111 tanta

70 1121 117 1165 cst
141 1140 168 1162 et
192 1141 340 1170 tantopere
365 1141 420 1162 nos
438 1134 566 1169 cruciat,
588 1140 622 1161 ut
643 1133 744 1161 levitas
769 1132 836 1160 mali
855 1130 1056 1167 aegritudinem
1082 1138 1117 1159 ex
1130 1130 1319 1160 diuturnitate
1333 1139 1478 1168 acceptam
1493 1134 1582 1160 comi

63 1193 182 1222 pensare
204 1190 325 1220 nequeat
345 1192 395 1212 nec
422 1184 566 1213 dimovere
589 1185 668 1220 (1).

106 1236 155 1266 Ad
184 1235 379 1264 infelicitatem
408 1235 566 1272 patiendam
601 1234 747 1270 Epicurus
777 1232 976 1261 fortitudinem
1002 1239 1029 1262 et
1061 1234 1250 1263 constantiam
1283 1234 1446 1271 praecipit:
1484 1235 1572 1271 idque

67 1292 147 1315 tanta
180 1285 330 1314 severitate
359 1292 392 1313 ut
427 1293 538 1321 semper
568 1284 602 1313 ad
628 1285 695 1312 haec
723 1291 871 1320 praecepta
900 1283 1039 1320 Epicurei
1067 1291 1224 1319 provocare
1253 1285 1369 1320 possint
1386 1304 1397 1320 ,
1431 1293 1496 1314 cum
1522 1294 1570 1314 eo-

63 1345 128 1366 rum
154 1335 343 1372 philosophia
370 1335 466 1363 mollis
497 1342 587 1370 atque
609 1334 768 1364 effeminata
793 1342 924 1364 vocatur.
955 1335 1030 1365 ..Sed
1053 1335 1117 1370 ipsa
1142 1334 1210 1363 haec
1243 1341 1458 1371 praeceptorum
1491 1345 1571 1365 seve-

60 1389 131 1418 ritas
165 1394 252 1424 atque
281 1387 444 1416 immanitas
477 1386 688 1416 affectationem
717 1386 875 1421 fucumque
898 1385 1045 1421 produnt,
1074 1391 1101 1414 et
1127 1385 1161 1414 ab
1196 1385 1325 1420 Epicuro
1352 1386 1454 1414 tradita
1481 1387 1571 1416 risum

63 1445 192 1471 movent.
231 1437 301 1467 Non
327 1438 476 1467 cohaerere
500 1438 567 1466 haec
591 1443 716 1472 possunt
744 1445 810 1464 cum
837 1437 956 1465 caeteris
981 1436 1102 1472 Epicuri
1121 1437 1324 1472 dogmatibus,
1350 1443 1443 1472 neque
1468 1438 1569 1467 exinde

61 1489 176 1520 deduci.
217 1489 354 1519 Dolorem
383 1498 526 1518 summum
555 1490 660 1518 malum
693 1489 763 1518 dicit
800 1487 880 1523 (2).
921 1487 1000 1524 Quid
1024 1487 1114 1523 igitur
1139 1486 1245 1522 refert,
1273 1487 1420 1523 Epicure,
1449 1487 1570 1516 fortitu-

62 1541 139 1571 dinis
172 1541 371 1578 praestantiam
401 1542 548 1569 decantare
566 1561 576 1576 ‚
604 1549 669 1569 cum
699 1541 806 1569 nullam
838 1541 914 1569 viam
945 1540 1073 1569 ostendis
1108 1547 1163 1575 qua
1193 1540 1227 1567 ad
1263 1540 1335 1568 hane
1364 1539 1564 1570 fortitudinem

63 1592 228 1629 perveniam
248 1613 258 1628 ‚
284 1600 408 1627 cumque
450 1600 499 1628 per
536 1593 662 1622 dolorem
701 1600 844 1621 summum
881 1592 985 1620 malum
1019 1590 1089 1618 mihi
1125 1590 1224 1618 adesse
1257 1590 1319 1626 ipsa
1349 1596 1397 1618 tua
1434 1591 1568 1625 philoso-

60 1642 129 1680 phia
150 1643 260 1672 docet?
289 1642 380 1679 quid?
409 1651 478 1672 num
504 1644 614 1673 homini
638 1650 775 1680 assueto,
806 1651 867 1672 non
889 1643 954 1671 dico
978 1642 1056 1677 turpi
1079 1642 1243 1678 voluptati,
1273 1641 1322 1670 sed
1346 1642 1567 1678 tranquillitati,

59 1694 282 1731 commoditati3
304 1694 416 1723 homini
440 1696 491 1730 qui
509 1696 584 1725 vitae
602 1696 744 1732 placidum
772 1703 887 1724 cursum
914 1693 1059 1729 adspicere
1082 1694 1175 1728 solet,
1197 1693 1262 1721 dum
1286 1693 1426 1730 procellae
1443 1687 1584 1722 fremunt‘

61 1753 221 1782 navemque
246 1746 414 1783 percutiunt
435 1752 463 1776 et
484 1748 611 1786 jactant,
632 1747 708 1777 vires
729 1747 848 1777 aderunt
870 1746 905 1776 ad
930 1746 1000 1775 mala
1019 1744 1174 1782 patienda?
1214 1743 1294 1774 Num
1318 1744 1410 1773 ullum
1429 1742 1565 1773 solatium

1524 1801 1568 1823 in-

79 1862 131 1905 “(ι
144 1872 160 1906 )
178 1872 224 1900 cf.
249 1874 308 1902 cic.
325 1875 380 1904 rin.
399 1876 436 1904 11.
453 1883 494 1911 29.

91 1917 156 1954 (2)
175 1920 215 1948 lb.
232 1922 265 1950 C.
285 1928 311 1955 9.
