1946 2517
311 163 625 196 COMMENTATIO
646 172 691 195 AD
713 162 1017 203 QUAESTIONEM
1039 164 1404 199 MATHEMATICAM.
1593 179 1612 208 9

146 247 255 278 Eodem
288 249 388 278 seculo
413 248 486 278 vixit
519 256 638 284 quoque
661 247 862 282 Philosophus
894 247 1023 276 Graecus
1058 248 1275 286 Anaxagoras;
1305 256 1437 277 mortuus
1468 249 1540 278 enirn
1566 258 1610 279 est

105 305 181 329 anno
211 306 275 329 ante
304 299 457 330 Christum
489 301 573 337 469,
604 298 701 328 aetatis
728 306 777 333 72.
824 297 941 333 Seripto
971 299 1156 336 consignavit
1192 300 1296 328 librum
1326 299 1372 328 De
1406 300 1608 337 ,Quadratum

103 351 228 381 circuli.
276 351 355 390 Quid
378 360 446 380 vero
473 352 548 380 circa
573 351 646 379 hanc
673 350 845 386 praestiterit
869 355 971 378 notum
999 358 1058 378 non
1083 357 1147 386 est,
1177 351 1274 379 saltem
1298 353 1452 388 comperiri
1477 360 1536 380 non
1556 361 1609 387 po-

102 403 159 432 tui.
206 402 384 439 Composuit
415 402 491 430 hunc
524 401 627 429 librum
666 400 696 428 in
725 409 835 429 carcere
856 421 866 436 ,
900 409 966 429 cum
989 399 1011 429 a*
1039 401 1185 431 Cleomene
1218 403 1373 439 impietatis
1406 411 1606 438 accusaretur,

102 454 181 489 quod
209 456 297 483 solem
313 474 324 490 ‚
353 462 437 490 quem
461 454 648 483 Athenienses
673 453 766 482 Deum
796 452 932 481 habuisse
958 461 991 480 ex
1008 452 1194 490 Mythologia
1217 461 1317 484 notum
1350 461 1413 490 est,
1443 454 1608 483 candentem

100 505 232 534 laminam
255 506 375 534 dixisset
399 505 483 542 (1).

138 557 237 592 Atque
264 556 294 584 hi
320 556 432 592 quidem
461 555 608 592 praecipui
637 555 756 584 fuerunt
791 554 922 590 Graeci,
954 555 1004 590 qui
1031 555 1066 583 de
1092 555 1273 592 Quadi-atrita
1306 558 1468 586 Curvarum
1499 557 1609 593 aliquid

100 608 326 645 praestiterunt;
351 614 460 643 praeter
484 607 552 636 illos
576 614 603 636 et
624 608 696 637 alios
727 606 818 635 fuisse
844 611 954 635 certum
980 612 1049 642 est,
1081 614 1157 643 quos
1192 614 1284 637 tamen
1313 616 1411 637 omnes
1445 615 1605 638 enumerare

99 663 217 689 necesse
239 666 298 689 non
321 658 433 688 videtur
457 660 537 696 (2).

803 742 834 778 S·
875 750 901 778 3-

752 823 951 854 Archimedes.

139 905 173 935 In
197 906 254 936 hoc
279 911 356 935 statu
386 915 437 942 per
465 906 583 942 aliquod
611 911 726 941 tempus
756 904 859 933 mansit
887 904 1038 934 Problema
1071 913 1201 936 nostrum
1219 927 1229 943 ,
1260 907 1350 936 donec
1371 907 1481 936 tandem
1512 915 1609 935 nasce—

102 965 180 987 retur
206 958 333 988 omnium
370 958 506 987 Veterum
532 958 668 995 princeps
699 957 746 986 ille
771 963 799 985 et
825 955 928 986 eximio
954 957 1070 993 ingenio
1103 959 1250 994 praeditus
1274 957 1426 987 Geometra
1448 958 1607 995 Syracusa·

95 1017 151 1039 nus
175 1009 361 1038 Archimedes
382 1011 463 1047 (3).
828 1002 831 1005 ’

97 1088 100 1089 ⁷
135 1060 234 1098 Hujus
258 1062 379 1097 merita,
408 1061 486 1096 quod
515 1061 550 1089 ad
581 1066 713 1089 nostrum
743 1068 864 1096 scopum
905 1060 1037 1095 adtinet,
1067 1069 1158 1096 quum
1197 1060 1255 1089 sint
1289 1060 1421 1097 egregia,
1450 1066 1478 1088 et
1513 1060 1606 1088 omnis

97 1110 161 1140 aevi
182 1111 368 1140 admiratione
387 1111 576 1148 dignissima,
598 1119 657 1140 non
679 1111 801 1140 alienum
826 1111 879 1139 erit
908 1112 977 1140 haec
1003 1112 1103 1147 paullo
1130 1112 1246 1141 uberius
1270 1120 1421 1147 exponere.

136 1161 325 1198 Methodus,
355 1171 438 1198 quam
471 1164 614 1198 Veteres,
645 1170 677 1191 ac
706 1162 847 1198 imprimis
884 1163 1072 1193 Archimedes
1091 1185 1101 1200 ‚
1133 1164 1325 1192 adhibuerunt
1359 1162 1393 1191 ad
1423 1161 1607 1191 inveniendas

93 1220 172 1242 areas
193 1213 254 1242 sive
278 1212 487 1250 Quadraturam
511 1212 686 1249 figurarum,
712 1211 770 1240 fuit
794 1212 859 1248 illa,
889 1221 962 1249 quae
985 1214 1077 1243 fertur
1100 1216 1156 1243 sub
1182 1215 1297 1244 nomIne
1320 1213 1454 1243 Methodi
1481 1213 1607 1242 Exhau-

93 1264 206 1293 stiom's.
249 1264 369 1300 Figuras
393 1264 503 1292 scilicet
529 1271 588 1291 non
617 1269 672 1292 tarn
698 1263 918 1294 considerabant
956 1271 1101 1301 tamquam
1138 1267 1303 1303 polygonos
1334 1267 1454 1295 laterum
1489 1264 1602 1293 infinite

91 1321 246 1351 parvorum
265 1335 276 1351 ,
304 1315 353 1343 sed
376 1316 476 1351 potius
507 1322 652 1351 tamquam
684 1315 788 1343 limites
816 1316 1030 1352 polygonorum
1058 1317 1189 1345 circum·
1220 1323 1247 1345 et
1273 1317 1491 1353 inscriptorum.
1539 1315 1604 1351 Ope

94 1365 196 1395 horum
217 1366 452 1403 polygonorum,
475 1374 548 1402 quos
573 1366 673 1402 figuris
688 1367 787 1394 curvis
805 1367 986 1395 continenter
1003 1367 1219 1403 inscribebant,
1249 1368 1360 1397 tandem
1384 1375 1431 1396 eas
1456 1367 1538 1402 quasi
1556 1374 1604 1394 ex-

94 1416 283 1452 hauriebant,
305 1426 364 1453 quo
386 1418 484 1453 facto,
513 1418 627 1446 illorum
655 1418 780 1446 valorem
810 1418 994 1453 quaerebant.
1044 1418 1203 1447 Methodus
1232 1419 1280 1447 illa
1303 1418 1427 1454 germina
1448 1418 1506 1454 jam
1534 1424 1605 1445 con-

94 1467 166 1497 tinet
188 1467 368 1497 Geornetriae
396 1468 524 1503 infiniti,
546 1476 619 1502 quae
637 1469 754 1497 dicitur.
796 1468 925 1505 Regulae
951 1475 1042 1497 autem
1078 1469 1220 1506 generales
1249 1469 1284 1496 iis
1319 1474 1396 1496 erant
1422 1467 1604 1503 incognitae,

93 1517 330 1555 Methodumque
361 1527 440 1547 suam
476 1527 534 1547 non
564 1518 620 1546 nisi
656 1518 778 1554 singulis
817 1519 934 1548 casibus
971 1519 1068 1548 obviis
1100 1519 1243 1554 applicare
1279 1524 1432 1555 poterant,
1464 1526 1536 1554 quae
1560 1526 1604 1546 res

92 1569 177 1598 etiam
202 1578 287 1599 causa
312 1569 404 1599 fuisse
427 1570 558 1604 videtur,
588 1577 675 1605 quare
701 1571 818 1600 Veteres
844 1577 900 1600 tam
923 1578 1078 1607 paucarum
1102 1570 1265 1599 curvarum
1288 1569 1496 1608 Quadraturam
1521 1569 1602 1598 exhi-

89 1619 203 1650 buerint
224 1622 239 1658 (
248 1620 302 1658 4).

1517 1658 1606 1696 Quod

115 1741 167 1770 (ι)
186 1741 259 1764 Coaf.
282 1740 372 1767 boffa,
391 1741 450 1769 Cap.
467 1742 484 1764 i.
507 1740 527 1769 ς.
543 1747 578 1769 ¹9·
600 1747 622 1764 et
642 1743 716 1765 Mam.
738 1744 805 1766 Tom.
817 1743 835 1766 1.
855 1750 905 1774 pag.
921 1748 970 1770 113.

116 1781 170 1809 (2)
189 1783 456 1810 conf.Bossue,Essa1·
474 1789 509 1802 :m
532 1782 644 1803 l'lastoire
656 1785 698 1810 gen
687 1785 761 1805 n'crale
779 1784 815 1804 des
829 1784 1178 1811 Mathematfques‚1³eriode1.
1202 1781 1292 1811 passim·

116 1823 170 1851 (a)
191 1823 346 1846 Archimedem
368 1824 431 1845 Bello
450 1824 535 1846 Punico
556 1826 659 1846 secundo
680 1825 778 1852 vixisse,
797 1828 897 1854 urbeque
916 1827 985 1855 patria
1008 1827 1123 1852 syracusis
1143 1832 1156 1848 a
1176 1825 1284 1847 Romanis
1304 1824 1367 1846 Duce
1389 1822 1499 1845 Marcello
1518 1826 1597 1849 capta,

86 1869 140 1886 eum
160 1870 172 1886 a
191 1865 279 1891 milite,
297 1864 368 1887 invito
387 1866 458 1892 duce,
482 1865 625 1887 intersectum
643 1872 693 1887 esse
714 1867 819 1888 omnibus
839 1871 917 1888 notum
937 1873 978 1890 est.

89 1906 169 1933 (4)
189 1906 224 1927 De
243 1907 354 1927 Methodo
374 1906 533 1928 Exn-ustionis
553 1908 657 1928 Veterum
684 1909 747 1929 conf.
774 1907 857 1933 Kl'iigel
884 1908 925 1934 Op.
944 1907 1007 1931 laud,
1033 1908 1057 1927 in
1078 1913 1127 1927 voce
1148 1904 1448 1929 E.tla11stions-.c⁷llul1od‚·
1471 1903 1600 1924 L’ullzillier

90 1946 261 1975 Principiorum
283 1949 369 1969 Calculi
398 1949 571 1975 Diff-erenialts
591 1955 612 1970 ct
638 1951 761 1977 Integralit
783 1950 892 1978 expositio
919 1948 1087 1976 Elemerttvris,
1107 1948 1224 1975 Tubmgac
1239 1952 1300 1976 1795
1329 1949 1385 1975 Cap.
1406 1946 1425 1968 1
1447 1950 1472 1968 et
1499 1945 1577 1966 Wam
1580 1943 1600 1962 1'1'

89 1988 204 2018 Algehra,
220 1991 275 2019 Cap.
289 1996 333 2020 72,
347 1992 406 2020 Opp.
427 1993 493 2015 Tem.
506 1993 534 2015 ll.
555 1998 605 2020 pag.
618 1998 661 2020 305
681 1997 704 2015 et
724 1998 786 2021 seqq.

894 2033 917 2062 B
