1946 2517
383 188 704 222 COMMENTATIO
723 201 765 220 Ar>
786 191 1087 228 QUAESTIONEM
1105 193 1322 226 PHYSICAM.
1590 207 1624 237 17

107 282 171 304 eam
190 281 285 310 usque
308 274 480 303 adscendat:
503 279 572 303 tunc
593 273 628 302 ab
655 274 708 301 hae
735 271 801 300 inde
826 273 899 302 linea
922 264 1089 304 numeratur
1108 263 1226 305 ‘sursum
1259 278 1339 314 juxta
1365 279 1457 315 majus
1486 284 1513 307 et
1536 280 1619 309 deor-

100 335 171 356 sum
192 328 276 364 iuxta
301 325 398 355 minus
423 333 509 354 crus:
538 324 687 361 igiturque
715 331 828 359 semper
853 324 994 354 addendae
1019 325 1106 356 erunt'
1124 327 1291 357 observatae
1313 329 1503 366 altitudines,
1533 331 1611 366 quod

99 377 221 408 *facilius
245 384 309 414 est,
339 385 424 414 quam
452 372 588 405 simodo
611 376 755 404 addendae
778 375 865 404 modo
898 376 1121 408 substrahendae
1146 379 1222 416 sint3
1258 386 1435 416 quapropter
1461 381 1544 410 etiam
1569 383 1615 410 Da

104 431 215 460 Lucius
241 438 270 459 et
296 429 529 466 Bcnzcnberglus
552 427 600 456 tali
635 427 711 455 scala
742 426 787 455 usi
814 433 893 456 sunt.
923 441 960 451 —
988 428 1056 466 Quo
1083 421 1244 459 accuratius
1277 431 1427 460 observata
1456 433 1578 462 altitudo
1602 442 1617 461 e

107 482 194 510 scala)
207 479 348 516 cognosci
373 476 644 518 possit‚'plurimis
670 479 756 507 scalis
783 478 896 507 additur
922 479 1029 508 nonius
1059 481 1121 510 sive
1149 483 1326 518 vernieriuS,
1348 483 1399 519 qui
1420 483 1447 512 si
1473 483 1616 520 quinqua-

98 528 241 568 *gesimasss
258 530 348 558 lineae
374 535 424 558 aut
455 529 603 558 vicesimas
629 529 784 558 millimetri
810 536 905 565 partes
938 530 1166 567 indicet‚·satis
1199 540 1349 561 accuratus
1377 533 1448 562 erit:
1482 535 1617 564 adhaesio

104 582 181 611 enim
199 579 336 610 vmercurii
357 581 391 609 ad
417 579 520 608 tubum
533 600 543 614 ‚
564 579 664 608 frictio
692 586 794 608 contra
818 580 940 616 parietes
966 581 1050 617 tubi,
1071 582 1198 618 aliaeque
1214 591 1339 619 causae,
1362 592 1433 620 quae
1453 586 1551 615 minus
1570 594 1617 615 ac·

102 640 234 664 curatum
257 633 378 662 reddunt
409 633 623 666 barometrum,
649 631 780 660 inutilem
814 632 926 661 faciunt
952 640 1063 661 omnem
1087 628 1316 663 subdivisionem
1343 634 1372 664 in
1402 636 1525 666 minores
1549 645 1615 673 par-

101 691 167 721 tes,
196 686 240 714 uti
261 690 288 713 et
311 692 395 713 usum
419 683 601 712 Micrometri
626 681 914 720 aut'Microscopii‚
945 685 1039 721 qualia
1066 686 1206 721 Lum’us,
1237 687 1434 723 Des-hamius‚
1456 687 1569 725 Greyus
1588 696 1617 717 et

97 737 150 766 alii
174 736 380 766 adhibuerunt.
427 736 505 766 Cum
532 736 588 763 hoe
613 734 705 763 nonio
730 735 914 770 conjungunt
941 736 1115 765 recentiores
1139 738 1209 766 duas
1229 737 1376 774 lamellas,
1398 738 1470 767 tubo
1484 739 1614 775 applica-

96 793 145 818 'tas
153 793 171 824 ’,“
186 784 248 825 ejus'
271 788 317 816 axi
336 785 465 816 verticali
484 792 512 815 et
531 786 587 814 sibi
606 785 913 820 invicem'parallelas,
942 786 1001 816 sive
1023 789 1161 816 annulum
1184 797 1199 817 e
1218 796 1309 824 cupro
1328 796 1378 818 aut
1401 789 1485 818 ebore
1509 790 1614 819 tubum

96 843 317 878 amplectentem
337 848 364 869 et
379 835 430 877 qui
456 849 586 877 eousque
609 847 761 876 movetur,
782 840 873 868 donec
888 839 1008 876 planum
1032 839 1064 867 in
1090 847 1151 875 quo
1171 841 1233 877 ejus
1254 840 1445 869 extremitates
1463 840 1614 870 inferiores

96 892 171 921 sitae
188 898 278 928 sunt,
299 898 398 929 tangat
421 892 600 929 superficiem
621 892 776 927 mercurii3
799 891 834 919 ad
856 899 942 926 quem
963 897 1128 919 contactum
1154 899 1188 919 eo
1213 891 1374 921 accuratius
1400 892 1612 949 observandum

99 942 206 972 sufficit
229 942 364 970 lenticula
389 942 475 978 spatii
504 942 608 971 focalis
631 942 744 971 circiter
772 941 829 970 ΧΠ
849 942 884 969 ad
908 942 963 971 XV
983 942 1225 973 centimetrorum.

139 1001 168 1029 3.
195 992 238 1022 Ut
263 993 453 1021 barometrum
483 993 514 1021 in
533 994 669 1022 omnibus
689 993 763 1022 locis
788 994 942 1022 observare
964 994 1069 1029 liceat,
1091 1000 1225 1030 oportet,
1247 994 1356 1030 ubique
1380 995 1454 1024 illud
1474 995 1613 1031 suspendi

92 1051 207 1080 posse,
229 1044 308 1079 quod
335 1052 399 1072 cnm
417 1045 544 1080 ‘saepius
569 1051 724 1080 occurrat,
755 1045 910 1081 praecipue
933 1044 962 1073 in
992 1044 1135 1073 montium
1165 1045 1386 1080 cacuminibus,
1416 1052 1448 1074 ut
1470 1045 1529 1075 fieri
1553 1053 1613 1074 non

94 1096 196 1132 possit
212 1115 222 1130 ‚
243 1089 312 1123 huic
337 1095 496 1123 difficultati
520 1095 636 1124 obviam
662 1101 779 1123 ventum
802 1101 845 1124 est
870 1104 886 1123 a
910 1095 1044 1131 plurimis
1072 1104 1128 1132 ope
1150 1096 1292 1131 tripodis,
1313 1097 1347 1124 de
1370 1104 1428 1131 quo
1450 1097 1544 1125 medio
1565 1105 1615 1124 su-

97 1146 200 1182 spendi
221 1145 317 1182 possit
336 1146 578 1175 instrumentum:
602 1146 759 1175 conficitur
776 1146 825 1173 hic
844 1145 938 1181 tripus
959 1154 993 1174 ex
1016 1147 1096 1182 ligno
1118 1147 1260 1183 abiegno,
1281 1155 1374 1175 nuceo
1395 1153 1444 1175 aut
1458 1146 1608 1183 Fraxineo,

93 1196 140 1225 'ita
165 1203 197 1224 ut
219 1202 275 1224 tres
300 1197 386 1232 pedes
412 1197 572 1233 compressi
596 1197 746 1226 adsumant
776 1197 898 1225 formam
926 1196 1040 1226 baculi:
1077 1197 1185 1234 singuli
1211 1198 1296 1234 pedes
1321 1198 1432 1227 inferne
1449 1204 1614 1234 acuuntur,

90 1254 133 1276 -ut
155 1247 186 1275 in
213 1253 313 1275 terram
341 1247 460 1275 firmiter
480 1248 561 1284 infigi
582 1246 718 1284 possint:
742 1254 866 1283 superne
888 1247 982 1284 tripus
1004 1249 1065 1277 sive
1092 1249 1198 1278 desinit
1221 1250 1252 1278 in
1274 1250 1436 1286 cylindrum
1463 1249 1612 1285 ligneum,

91 1291 131 1328 'in
156 1306 215 1334 quo
247 1304 382 1327 movetur
405 1300 544 1335 cochlea,
574 1309 630 1335 qua
654 1300 849 1328 barometrutn
874 1306 1009 1334 tenetur,
1038 1299 1081 1328 uti
1104 1300 1134 1328 in
1157 1300 1205 1328 De
1226 1300 1360 1329 Luciam>
1387 1301 1519 1336 tripode,
1549 1300 1612 1329 sive

91 1349 194 1386 'ipsius
225 1350 376 1379 barometri
407 1358 486 1378 arcae
508 1350 674 1387 adjungitur
699 1351 759 1386 ita,
787 1357 819 1379 ut
849 1351 934 1386 pedes
959 1359 1076 1379 sursum
1101 1352 1174 1380 moti
1195 1358 1356 1388 congruant
1377 1351 1551 1380 cavitatibus
1577 1351 1609 1379 in

88 1392 163 1430 ‘arca
179 1400 285 1436 factis,
300 1400 342 1429 uti
358 1399 388 1429 in
407 1400 646 1436 Hamilconiano,
669 1401 730 1429 sive
747 1401 847 1431 finitur
863 1403 944 1438 ligno
961 1409 1124 1433 transverso
1135 1424 1145 1439 ,
1165 1405 1200 1433 de
1211 1411 1272 1440 quo
1289 1405 1409 1439 pendet,
1430 1403 1473 1431 uti
1489 1403 1518 1431 in
1537 1403 1610 1431 Ben-

90 1449 313 1486 ”zenbergianffi
339 1448 401 1478 sive
420 1450 601 1486 supponitur
625 1452 745 1488 pyxidi,
768 1461 841 1489 quae
862 1455 991 1484 cochleis
1015 1455 1041 1483 ei
1062 1455 1208 1492 affigitur,
1229 1454 1272 1483 uti
1295 1454 1324 1482 in
1345 1453 1584 1483 llumboldu'ano.

801 1533 830 1568 §-
877 1533 905 1561 s.

594 1605 642 1634 De
662 1606 770 1636 caloris
790 1607 892 1644 effectu
911 1609 1107 1646 cognoscendo.

88 1714 92 1720 ,
137 1682 276 1720 Superest
303 1688 337 1711 ut
363 1681 455 1711 dicam
482 1682 516 1712 de
541 1689 597 1711 una
623 1691 638 1710 e
657 1675 820 1720 praecipuis
841 1685 958 1721 causis,
986 1694 1000 1714 a
1023 1685 1131 1721 quibus
1156 1684 1306 1714 barometri
1336 1677 1512 1712 murationes
1541 1691 1609 1719 pen-

90 1735 192 1770 ¹dent,
224 1733 463 1770 cujus,effec1us
483 1754 493 1769 ,
523 1743 611 1769 quum
646 1743 705 1764 non
740 1736 840 1766 evitari
873 1736 970 1773 possit
993 1736 1024 1764 in
1051 1736 1255 1765 construendis
1283 1735 1471 1771 barometris,
1499 1734 1613 1762 calculo

94 1784 202 1822 subjici
224 1784 323 1812 debet:
358 1785 422 1813 dico
447 1786 581 1814 calorem.
630 1786 795 1816 Mercurius
826 1787 922 1822 enim,
951 1787 994 1816 uti
1015 1781 1108 1815 omnis
1143 1787 1276 1822 materia,
1303 1784 1396 1815 calore
1422 1786 1555 1814 dilatatur
1585 1790 1613 1812 et

99 1835 205 1872 frigore
227 1836 426 1870 contrahitur,
444 1837 518 1865 unde
535 1837 651 1874 saepius
672 1837 725 1874 fit,
749 1845 780 1867 ut
804 1838 834 1867 in
854 1838 951 1867 eodem
969 1839 1036 1868 loco
1053 1838 1207 1867 barometri
1223 1837 1367 1872 altitudo,
1390 1837 1520 1872 quamvis
1538 1835 1613 1863 aeris

87 1886 249 1929 ‚pressione
272 1886 363 1914 eadem
385 1894 536 1922 manente,
559 1895 698 1925 angeatur
723 1896 771 1918 aut
801 1890 980 1919 diminuatur
1004 1891 1069 1919 solo
1090 1889 1194 1918 caloris
1220 1887 1373 1924 frigorisve
1394 1887 1514 1915 effectu:
1545 1878 1612 1914 hinc

96 1938 284 1970 manifestum
303 1946 366 1973 est,
396 1938 561 1968 observatas
596 1940 762 1970 altitudines
793 1942 867 1972 inter
888 1950 918 1970 se
947 1940 1107 1976 comparari
1140 1947 1199 1969 non
1226 1947 1332 1975 posse,
1360 1938 1418 1966 nisi
1443 1937 1613 1966 reducantur

101 1989 136 2017 ad
161 1997 208 2018 eas
231 1989 420 2024 altitudines,
439 1979 521 2024 'quae
543 1989 710 2019 observatae
734 2000 851 2028 essent,
879 1993 904 2021 si
928 1998 1119 2029 temperatura
1153 1991 1271 2019 nullam·
1292 1989 1479 2018 mutationem
1505 1987 1613 2015 subiis-

97 2045 162 2074 set;
185 2046 297 2074 oportet
325 2039 431 2075 igitur,
465 2046 496 2067 ut
520 2041 697 2077 innotescat,
720 2051 826 2078 quanta
856 2043 1025 2072 mutationis
1053 2049 1120 2078 pars
1148 2041 1176 2069 in
1204 2048 1321 2077 quaque
1346 2038 1545 2068 observatione
1566 2045 1613 2065 ca·

98 2088 167 2118 loris
202 2089 263 2118 sive
292 2089 409 2127 frigoris
444 2090 557 2120 cll'ectui
592 2093 740 2123 tribuenda
773 2097 825 2124 sit.
873 2095 962 2134 Quod
991 2093 1102 2131 duplici
1133 2093 1220 2123 modo
1250 2091 1388 2128 COEHOSCi
1420 2096 1537 2128 potest,
1569 2088 1612 2117 vel

834 2147 861 2177 C
1578 2137 1619 2168 si·
