1946 2517
321 197 368 225 ‚62
520 213 523 217 ι
723 186 1067 221 GULIELMI
1124 186 1448 218 DELPRAT'

334 273 524 314 empiricu'm,
546 276 595 307 sed
618 275 727 305 factum
761 273 879 302 rationis
904 279 990 308 purae
1010 271 1058 309 (i.
1077 278 1104 300 e.
1125 271 1159 298 ab
1185 270 1350 306 empirismo
1376 271 1525 308 liberae),
1556 272 1636 308 quae'
1653 279 1687 301 eo
1713 280 1743 300 se
1765 270 1841 300 ordi.

336 329 413 358 narie
442 328 644 366 legislatoriam
670 326 802 355 declarat.
848 323 937 352 Ratio
965 330 1037 358 puta
1061 329 1116 360 per
1129 329 1163 349 ise
1183 322 1310 358 practica
1334 329 1376 350 est
1400 323 1548 359 legemque
1573 323 1761 353 universalem
1782 322 1838 351 fert

335 380 467 415 homini,
490 388 573 416 quam
599 378 686 415 lcgcm
711 385 819 406 morum
846 374 1023 410 appellemus
1046 374 1122 410 (1).

372 431 528 467 Sequentia
555 433 675 466 quoque
695 425 892 458 ex'Kantiana
921 426 1027 455 Schola
1051 425 1126 454 dicta
1153 423 1222 452 mihi
1248 425 1390 454 videntur.

369 482 457 510 Ratio
478 475 603 518 prietica
626 487 659 509 ut
682 481 757 516 leges
777 480 840 508 edat
864 479 1035 516 generales,
1060 476 1255 506 immutabiles
1281 483 1307 504 et
1337 478 1441 512 quibus
1468 477 1563 505 omnia
1591 477 1666 505 entia
1691 476 1839 506 rationalia

334 534 488 569 obediant,
509 540 603 567 neque
625 531 762 561 rationem
790 530 892 560 habere
918 529 1000 558 debet
1025 528 1218 564 opinionum,
1239 527 1387 562 desiderii,
1410 528 1574 563 propositi,
1593 528 1763 564 cupiditatis
1787 528 1840 557 ho.

334 585 419 614 minis
441 585 489 613 cui
520 585 655 620 imperat,
678 583 727 610 sed
750 582 844 610 omnia
870 581 925 610 ista
952 588 1104 610 removere.
1146 581 1219 609 Nam
1241 581 1265 609 si
1292 581 1390 610 harum
1419 590 1509 611 rerum
1535 583 1671 611 rationem
1701 582 1836 617 haberet,

333 637 406 665 ratio
430 636 555 673 practica
574 635 667 664 solnm
686 635 758 662 illud
779 635 900 670 ,καόμενον
926 633 1003 669 quod
1024 640 1236 669 cognoscamus
1252 653 1261 668 ‚
1285 640 1342 661 non
1366 639 1437 669 pura
1457 639 1601 668 maneret,
1622 633 1789 669 empirisuio
1805 641 1836 662 se

332 687 562 722 contaminaret,
593 686 746 723 subjiceret
769 685 845 722 leges
873 692 940 713 suas
970 683 1072 712 formis
1110 683 1246 711 humanae
1270 690 1406 719 naturae,
1435 692 1506 720 quas
1530 683 1639 713 formas
1664 692 1722 713 non
1744 685 1839 720 adspi-

331 746 393 767 cere
416 738 498 767 debet
523 737 595 766 ratio
621 738 767 773 practica,
800 745 871 771 quas
899 743 928 764 ut
953 736 1107 772 Φαινόμενα
1136 735 1302 770 mutabilia,
1334 735 1456 764 fortasse
1483 736 1588 764 nullam
1613 736 1766 764 realitatem
1792 735 1841 764 ha-

327 788 424 818 bentia
445 789 633 817 considerare-
650 785 755 823 debet3
776 793 847 815 'tunc
875 787 997 822 denique
1025 787 1097 815 ratio
1123 786 1250 822 practica
1271 795 1328 816 non
1357 787 1516 816 absolutam
1542 788 1592 816 sed
1619 786 1841 816 conditionalem

330 840 520 870 obedientiam
543 840 652 876 exigere
673 844 794 875 posset,
815 845 885 866 tunc
909 838 1064 866 variaretur
1087 846 1151 866 cum
1180 839 1307 867 hominis
1335 845 1362 866 et
1386 838 1624 867 inclinationibus
1646 845 1674 867 et
1697 837 1842 874 opinioni-

331 893 389 921 bus
414 899 442 920 et
460 890 623 921 sententiis.
666 889 796 919 Videatis
817 889 891 918 enim
912 895 1089 926 quantopere
1113 890 1243 918 homines
1263 890 1372 919 varient
1392 889 1421 918 i'n
1444 890 1518 925 fine,
1540 897 1624 926 quem
1645 889 1703 918 sibi
1727 893 1837 926 propo-

326 945 452 974 nendum
473 949 589 980 putant.
1605 945 1608 948 ⁴

370 995 488 1024 Variant
511 1001 538 1024 et
561 994 594 1022 de
618 1001 651 1021 eo
678 992 707 1021 in
737 1000 795 1029 quo
814 991 980 1021 felicitatem
1006 997 1120 1027 ponunt
1142 992 1223 1029 (2).
1263 991 1369 1029 Quid?
1403 991 1484 1020 Num
1507 990 1597 1026 igitur
1620 991 1693 1020 ratio
1717 990 1842 1028 practica

333 1046 422 1082 legem
447 1046 584 1074 moralem
604 1049 728 1072 mutaret
749 1043 908 1075 secundum
933 1043 1077 1071 hominem
1096 1048 1180 1078 quem
1201 1050 1295 1078 regere
1314 1042 1422 1070 debet?
1452 1043 1523 1070 Non
1543 1042 1600 1070 ita:
1622 1042 1742 1071 rationis
1761 1049 1844 1078 prac-

330 1098 405 1126 ticae
428 1097 504 1133 leges
520 1095 606 1124 finem
629 1095 658 1123 in
683 1101 713 1122 se
739 1093 814 1129 ipsis
833 1099 958 1129 ponunt.
998 1092 1087 1121 Ratio
1107 1092 1232 1128 practica
1260 1100 1318 1120 non
1346 1092 1421 1128 leges
1444 1091 1502 1120 edit
1526 1097 1670 1126 tamquam
1690 1090 1724 1119 ab
1741 1091 1841 1126 aliquo

334 1149 490 1185 proposito
514 1147 693 1184 pendentes,
723 1145 772 1173 sed
800 1153 834 1173 ex
863 1152 893 1173 se
929 1145 991 1180 ipsa
1022 1143 1106 1172 habet
1136 1150 1163 1172 et
1192 1143 1391 1172 auctoritatem
1422 1149 1451 1171 et
1479 1141 1707 1171 incitamentum.
1754 1141 1842 1170 Ratio

333 1200 459 1237 practica
485 1205 529 1228 est
548 1199 683 1235 νούμενον.
723 1196 824 1231 Itaque
848 1195 873 1224 si
901 1195 976 1224 illam
1001 1195 1203 1230 considerare,
1236 1195 1259 1223 si
1286 1195 1327 1222 illi
1351 1194 1548 1230 obtemperare
1570 1191 1727 1228 volumus,
1758 1191 1842 1225 nulla

332 1247 460 1281 hominis
484 1250 704 1280 inclinationum
729 1247 837 1277 ratione
864 1247 978 1282 habita,
1005 1255 1066 1276 non
1092 1247 1178 1276 nobis
1203 1246 1384 1274 metuendum
1406 1251 1453 1273 est
1473 1253 1508 1273 ne
1532 1244 1608 1280 leges
1635 1244 1698 1281 ejus
1719 1242 1842 1272 variabi-

329 1303 391 1337 leS,
421 1303 604 1338 particulares
626 1301 713 1338 (non
739 1299 768 1328 in
790 1306 890 1327 omnes
915 1292 1048 1327 homines
1071 1299 1128 1326 vim
1159 1297 1341 1334 habentes),
1368 1297 1468 1326 inanes
1491 1295 1614 1324 fortasse
1637 1295 1710 1325 sint.
1755 1293 1843 1322 Ratio

330 1353 456 1389 practica
485 1358 536 1388 per
558 1361 589 1381 se
614 1351 787 1388 legislatoria
810 1357 874 1386 esse
899 1349 992 1377 debet.
1038 1349 1170 1378 varietur
1198 1348 1309 1382 homo,
1330 1347 1477 1376 varientur
1505 1347 1654 1375 hominum
1681 1351 1708 1373 et
1730 1344 1845 1380 opinio-

327 1412 381 1434 nes
406 1410 432 1432 et
461 1402 633 1445 proposita,
663 1408 776 1437 sem-per
800 1401 831 1429 in
856 1400 968 1429 ratione
998 1399 1124 1436 practica
1153 1405 1283 1434 certam,
1311 1399 1453 1435 rigidam,
1484 1396 1690 1426 immutabilem
1717 1395 1842 1424 inveniet

327 1458 429 1494 legem.

368 1506 454 1535 Ratio
480 1504 607 1542 practica
635 1512 669 1533 eo
692 1502 758 1540 ipso
782 1502 861 1538 quod
889 1502 964 1539 leges
990 1508 1057 1529 suas
1078 1508 1136 1529 non
1162 1499 1347 1536 empirismo‚
1368 1506 1428 1528 non
1453 1497 1577 1527 fortuito
1603 1496 1654 1525 sed
1679 1494 1840 1525 necessario

328 1565 364 1588 ex
389 1565 420 1586 se
446 1558 510 1592 ipsa
532 1555 674 1592 depromit
695 1555 788 1592 (3),
809 1561 843 1583 eo
873 1555 940 1590 ipso
965 1553 1147 1582 existentiam
1174 1559 1256 1580 suam
1281 1549 1390 1579 homini
1415 1549 1518 1585 probat
1538 1548 1618 1586 (4).

370 1608 410 1638 Et
432 1615 527 1637 revera
553 1613 597 1634 est
626 1605 656 1633 in
685 1606 771 1634 nobis
790 1613 850 1634 vox
871 1605 992 1634 rationis
1016 1605 1170 1640 practicae.
1211 1603 1269 1631 Est
1294 1601 1324 1629 in
1346 1601 1463 1633 homine
1487 1600 1596 1635 aliquid
1613 1606 1734 1635 prorsus
1748 1598 1841 1635 diver·

325 1667 392 1690 eum
419 1667 434 1687 a
458 1657 661 1692 sensualitate,
682 1663 732 1684 aut
754 1657 912 1691 cupidine:
934 1663 977 1685 est
1002 1655 1155 1689 nobilius,
1175 1653 1264 1682 altius
1288 1652 1431 1688 quoddam
1459 1651 1657 1687 principium,
1679 1658 1740 1686 quo
1766 1657 1845 1686 prae-

334 1711 439 1741 stantia
464 1709 591 1738 hominis
620 1708 758 1736 cernitur.
801 1705 867 1735 Vox
890 1705 1055 1742 imperativa
1081 1705 1202 1733 rationis
1226 1704 1368 1740 practicae
1393 1702 1497 1731 fortior
1519 1709 1564 1730 est
1592 1709 1676 1736 quam
1703 1700 1842 1729 sensuali·

327 1761 399 1789 tatis
421 1760 614 1790 incitamenta.
666 1758 741 1787 Aliis
767 1757 862 1786 verbis
887 1764 922 1785 ex
949 1757 1038 1794 jussu
1066 1756 1202 1785 absoluto
1223 1755 1293 1792 (5)
1314 1753 1433 1784 rationis
1456 1751 1598 1789 practicae
1623 1758 1703 1788 patet
1726 1759 1780 1780 nos
1801 1759 1845 1779 ra-

1761 1813 1763 1815 *
1790 1808 1845 1831 tto-

364 1887 379 1919 (
394 1895 402 1914 t
419 1885 433 1920 )
453 1887 517 1913 Kant
541 1885 608 1913 Crit.
629 1891 675 1911 rat.
693 1891 774 1917 praet.
792 1885 842 1911 111.
860 1892 888 1917 p.
904 1892 937 1910 20
955 1891 979 1909 et
995 1891 1038 1912 21.

364 1932 430 1966 (α)
450 1934 514 1960 Crit.
532 1933 608 1964 Mag.
624 1932 643 1958 l.
665 1938 720 1963 ¹42·
738 1929 776 1957 cf.
793 1929 858 1956 Kant
875 1929 1018 1962 metaphys.
1032 1934 1132 1955 nvn-nm
1153 1932 1202 1962 292
1223 1935 1246 1955 et
1263 1935 1324 1962 293.
1341 1929 1407 1955 Crit.
1426 1934 1472 1953 rat.
1487 1932 1571 1960 praet.
1589 1934 1616 1959 p.
1633 1931 1672 1958 13.

362 1977 428 2011 (3)
449 1980 514 2005 Crit.
536 1980 605 2009 Mag.
626 1978 673 2004 lll.
686 1983 733 2010 75.
939 1974 998 2009 (4)
1019 1975 1075 2002 lbid
1094 1975 1117 2003 l.
1137 1983 1193 2009 147.

364 2024 424 2057 (5)
443 2024 521 2058 Quod
538 2026 661 2056 praeclare
684 2024 779 2050 indicat
799 2024 939 2054 Ancillon,
963 2023 1001 2049 vlt
1018 2023 1113 2049 multae
1132 2022 1290 2048 auctoritatis
1314 2022 1338 2047 in
1362 2020 1483 2047 Kantiaua
1501 2016 1677 2053 philosophia:
1703 2034 1721 2050 „
1736 2016 1756 2042 A
1777 2010 1839 2055 c9't6

1798 2061 1842 2087 dea
