1946 2517
683 181 1095 217 ORATIO.
1582 187 1630 223 23

155 279 320 303 successor
335 270 427 304 datus
443 278 500 305 est.
525 271 626 315 igitur
642 273 761 317 duplex
779 273 882 307 clades
901 274 985 308 illata
1000 282 1047 309 est
1061 277 1252 310 Academiae
1270 281 1459 321 nuperrimo
1478 279 1616 312 Nobilis·

149 328 223 359 simi
238 338 370 359 FREDE
383 339 494 367 iuer,
518 330 624 362 Liberi
641 331 772 362 Baronis
794 342 872 364 van
890 343 1046 365 mmmm
1068 344 1149 366 vau
1172 346 1252 366 wx-:s
1265 346 1340 367 'rna
1353 347 1622 377 Raunatcn13

150 383 389 417 ‘Warmondani
415 385 621 429 Topmclzae,
641 387 744 419 obitu.
789 388 854 428 Qui
875 389 970 421 nobis
989 400 1028 421 eo
1057 390 1233 424 luctuosior
1259 392 1398 432 accidit,
1422 404 1488 436 quo
1515 394 1617 436 magis

147 440 219 474 ¹'Viri
246 440 384 472 Illustris
410 442 598 485 ingenium,
623 443 710 474 varia
733 443 879 476 doctriua
903 447 1085 485 subactum,
1108 448 1337 491 animumque,
1361 449 1560 481 humanitate
1582 455 1615 481 et

149 494 337 529 liberalitate
368 496 501 540 aliisque
532 499 706 531 virtutibus
738 507 953 541 exornatum,
984 502 1130 534 admirati
1161 514 1272 534 sumus
1299 511 1330 535 et
1353 516 1430 537 vero
1457 505 1620 545 veneram

151 557 222 583 tum
247 553 342 584 etiam
369 563 437 596 quo
469 555 645 597 insigniora
676 556 780 599 ipsius
807 557 938 589 fuerunt
963 558 998 589 in
1029 569 1096 589 rem
1129 551 1348 591 Academicam
1385 563 1508 594 merita.
1552 564 1622 594 Hoc

149 607 281 650 quidem
303 608 388 648 Vos,
412 609 552 643 Illustres
576 622 845 652 cuasa-onus,
869 614 1015 645 omnium
1043 615 1164 658 optime
1190 617 1412 659 perspexistisr,
1435 617 1516 650 illud
1541 628 1621 650 vero

149 664 304 697 omnibus
325 672 488 709 peraeque
500 667 561 699 fuit
580 675 780 712 perspectum
793 692 803 708 ‚
827 676 1046 713 quantopere,
1065 672 1261 713 gravissimis
1277 674 1435 706 obeundis
1456 675 1617 706 sustinen-

151 719 266 764 disque
285 722 492 762 muneribus‚
507 726 644 764 Patriae,
660 725 854 757 turbulentis
873 728 967 758 etiam
985 733 1017 757 et
1033 726 1230 760 difficillimis
1251 731 1448 773 temporibus
1459 753 1467 768 ,
1479 740 1622 773 quorum

150 779 340 810 memoriam
368 785 508 821 repetere
535 780 617 811 nihil
647 782 776 820 attinet,
806 781 972 825 profuerit.
1017 784 1128 824 Neque
1150 783 1218 815 leve
1247 791 1294 816 est
1324 785 1421 828 hujus
1446 787 1492 817 rei
1521 785 1623 817 docu-

146 839 313 872 mentum,
336 834 424 876 quod
448 846 694 870 Lunovmvs
724 837 792 876 ille,
816 849 913 880 quem
928 837 1024 870 frater
1042 839 1136 870 nobis
1156 842 1271 883 Regem
1294 841 1490 881 obtruserat‚
1512 841 1619 885 palam

148 886 310 930 professus
342 896 405 929 est,
451 904 466 920 α
489 903 523 923 se
545 902 784 925 LEYm-:wnnt
810 901 956 926 nostrum
986 897 1174 937 cognovisse
1204 898 1311 929 virum
1337 908 1355 928 e
1382 898 1537 940 politicis,
1563 897 1622 941 qui.

148 956 164 972 α
187 943 266 983 sibi,
286 957 352 988 quo
371 954 451 978 esset.
477 958 585 980 amore
607 960 681 992 erga
703 949 899 989 Hollandos,
924 952 1061 982 maxime
1084 953 1317 995 probarentur,
1340 964 1443 984 unum
1471 957 1621 986 omnium

147 1012 162 1028 α
186 1001 322 1032 maxime
341 1013 486 1045 gravem,
504 1007 662 1036 constanti
681 1007 975 1049 anim0‚peritum‚
995 1008 1333 1053 prudentem,patriae
1347 1011 1620 1049 amantissimum,

146 1068 163 1084 α
184 1056 365 1089 officiorum
389 1069 541 1100 suorum,
558 1062 586 1092 si
605 1062 678 1103 quis
693 1062 793 1100 alius,
819 1063 1026 1096 memorem.’'
1056 1065 1093 1096 In
1109 1066 1168 1097 hoc
1186 1067 1283 1109 igitur
1297 1068 1375 1099 Viro
1394 1067 1512 1099 illustri
1530 1066 1622 1098 lucu-

146 1111 248 1144 lenter
266 1117 438 1156 apparuit,
461 1126 557 1157 quam
579 1128 652 1149 vere
676 1129 826 1157 ΡιΑΤο,
871 1131 886 1147 τε
910 1125 979 1150 tum
1002 1121 1159 1163 praeclare
1175 1133 1249 1153 cum
1272 1123 1367 1154 rebus
1384 1122 1521 1166 publicis
1545 1120 1618 1164 ag?

151 1167 286 1207 dixerit,
317 1181 333 1197 a
355 1172 381 1201 si
402 1170 453 1201 vel
470 1174 568 1215 Reges
584 1173 769 1217 philosophi
786 1181 908 1213 essent,
927 1175 979 1206 vel
995 1175 1182 1220 philosophi
1197 1178 1236 1209 ad
1253 1181 1332 1210 Rem
1348 1179 1511 1222 publicam
1530 1188 1618 1209 acce-

149 1236 166 1261 ι,
186 1223 329 1257 derent.''
352 1227 410 1258 Hic
425 1228 511 1258 enim
528 1236 635 1260 noster
653 1241 859 1262 LEYDENUS
874 1241 892 1262 a
907 1230 1112 1275 philosophia
1127 1235 1345 1275 paratissimus
1357 1235 1397 1266 ad
1413 1236 1497 1266 Juris
1515 1237 1618 1266 scien-

142 1280 220 1322 tiam
247 1287 279 1313 et
301 1281 465 1314 Politicam
488 1292 679 1325 accesserat,
703 1287 738 1317 in
764 1293 919 1330 utraque,
944 1299 1041 1331 quam
1069 1288 1198 1328 dicunt,
1223 1291 1381 1323 Facultate
1397 1303 1541 1325 summos
1558 1294 1618 1326 ho·

143 1348 242 1370 nores
263 1337 461 1372 affectaverat
481 1341 608 1384 publice
620 1366 629 1382 ,
651 1350 681 1375 et
701 1354 829 1375 summo
851 1344 967 1376 merito
985 1356 1046 1376 suo
1066 1345 1199 1389 adeptus
1216 1354 1293 1380 erat.
1337 1349 1471 1380 Memini
1487 1349 1615 1388 adhuc,

140 1394 179 1426 A.
201 1396 262 1434 A„
283 1401 315 1426 et
345 1396 446 1438 probe
469 1400 623 1438 memini,
646 1411 743 1443 quam
769 1408 895 1444 promte
918 1402 1158 1446 condiscipulus
1180 1415 1268 1435 meus
1282 1428 1290 1442 ,
1314 1415 1388 1435 nam
1412 1416 1616 1438 wnvpssns-

139 1458 229 1488 sto,
273 1461 480 1484 PESTELro
493 1477 503 1491 ‚
541 1465 716 1487 marimo
731 1480 740 1495 ‚
778 1458 909 1499 optimis
936 1458 1080 1501 profecto
1117 1460 1393 1502 praeceptoribus,
1427 1473 1491 1492 una
1522 1463 1617 1494 sedu-

138 1503 204 1536 lam
241 1505 395 1539 dabamus
432 1519 585 1551 operam-7
614 1513 748 1542 memini
784 1515 901 1556 igitur,
935 1526 1032 1558 quam
1061 1523 1205 1559 promte,
1239 1527 1335 1559 quam
1367 1517 1476 1557 docte,
1512 1530 1613 1563 quain

138 1563 279 1594 mascule
313 1573 388 1595 suas
410 1567 585 1598 Poszctones
608 1568 840 1613 philosophas,
871 1577 904 1602 et
927 1572 1133 1614 sesquiennio
1157 1578 1230 1615 post
1253 1574 1508 1607 Dusestationem
1537 1564 1610 1608 erui

141 1617 329 1650 ditissimam
359 1619 407 1650 ad
445 1620 563 1663 Legem
599 1627 745 1668 Quisquis
782 1630 929 1670 quintam
956 1628 1081 1660 Codc‘ccis
1117 1628 1167 1659 ad
1191 1629 1310 1672 Legem
1341 1630 1460 1663 Julc‘am
1496 1635 1615 1675 Majes-

138 1676 210 1706 eatis
224 1697 235 1713 ,
270 1675 423 1709 adversus
458 1681 553 1712 Viros
586 1683 850 1716 Consultissimos
877 1691 909 1716 et
933 1685 1142 1716 Doctissimos
1158 1707 1174 1724 ‚.
1200 1692 1270 1717 tum
1308 1693 1339 1718 et
1372 1687 1523 1721 adversus
1555 1693 1612 1723 Ju-

140 1739 237 1761 venes
270 1731 565 1775 ingeniosissimos,
597 1748 663 1769 non
691 1739 772 1771 levia
809 1747 840 1771 et
878 1740 1002 1772 ludicra·
1039 1741 1164 1781 dubia,
1195 1742 1250 1773 sed
1283 1744 1449 1785 negotium
1479 1757 1611 1790 respon-

142 1786 232 1818 denti
259 1788 465 1833 facessentia,
496 1806 602 1839 neque
634 1808 674 1829 ex
703 1804 890 1844 compacto,
920 1798 976 1831 sed
1010 1797 1055 1829 de
1085 1799 1291 1841 improviso,
1322 1810 1382 1831 nec
1408 1803 1508 1833 animi
1537 1814 1610 1835 cau-

141 1852 194 1880 sas
228 1845 284 1876 Sed
312 1857 349 1878 ex
383 1849 515 1891 anime,
544 1862 777 1897 proponentes,
808 1854 927 1900 magno
953 1856 1123 1895 omnium,
1151 1856 1209 1898 qui
1237 1855 1389 1894 aderant,.
1416 1858 1607 1902 frequentis-

141 1909 197 1930 mo
220 1907 325 1934 autem
346 1906 495 1940 utebatur
514 1910 693 1953 auditorio,
713 1912 828 1956 plausu
849 1912 1041 1947 defenderet.
1086 1912 1199 1956 Itaque
1216 1912 1290 1955 jam
1311 1919 1380 1944 tum
1403 1925 1441 1945 ex
1462 1915 1523 1948 levi
1548 1919 1615 1949 isto

1555 1975 1614 2008 vei-
