1946 2517
314 159 1321 254 COMMENTATIO

771 365 852 393 AD

75 501 717 555 QUAESTIONEM
789 500 1563 556 PHILOSOPHICAM„

49 858 104 921 Si
122 887 285 927 argumenti
307 887 500 924 praestantia,
530 888 657 918 auctoris
679 889 805 919 animum
837 897 1024 920 commovens
1053 889 1207 926 ipsumque
1228 888 1377 926 impellens
1405 890 1439 918 ad
1467 896 1569 919 tracta·

49 942 158 971 tionem
182 940 416 975 suscipiendam,
437 938 560 968 sufficiat
583 939 618 968 ad
635 941 729 976 operis
753 942 876 978 pretium
892 941 1153 976 constituendum,
1182 941 1293 977 optime
1319 948 1383 969 cum
1404 940 1455 969 hac
1472 942 1565 978 scrip-

48 993 129 1022 tione
159 998 302 1029 ageretur.
350 990 427 1019 Nam
455 989 590 1026 profecto
614 992 745 1027 quaestio
771 1001 786 1021 a
808 993 1002 1022 Nobilissima
1028 992 1175 1022 Facultate
1201 992 1352 1028 proposita
1376 990 1460 1020 offert
1482 1001 1571 1028 argu-

50 1050 144 1073 menta
172 1042 352 1079 gravissima.
392 1041 485 1070 offert
513 1050 543 1070 ea
567 1050 639 1077 quae
662 1050 740 1071 erant
765 1051 815 1079 per
838 1044 933 1072 omnia
954 1044 1067 1073 saecula
1089 1043 1161 1073 fines
1186 1043 1371 1071 humanarum
1399 1043 1567 1078 actionum,

48 1094 237 1131 propositum
258 1094 292 1121 ad
317 1093 396 1128 quod
416 1092 553 1121 desideria
582 1093 775 1122 indesinenter
790 1094 962 1129 tendebant,
982 1094 1154 1130 praecipuus
1170 1093 1293 1128 denique
1317 1093 1562 1129 philosophorum

50 1151 241 1182 systematum
267 1145 366 1173 cardo.
405 1144 446 1172 At
469 1144 556 1181 huius
585 1144 622 1172 rei
646 1144 853 1173 animadversio
882 1153 978 1173 nonne
1001 1145 1161 1175 lectoribus
1188 1144 1261 1180 ipsis
1291 1144 1477 1180 relinquenda
1500 1144 1567 1173 est?

47 1196 124 1226 Nam
143 1196 228 1224 tritus
251 1195 301 1224 ille
319 1204 382 1224 mos
403 1196 551 1225 exordium
578 1195 723 1231 repetendi
750 1204 765 1223 a
793 1196 1010 1232 pulchritudine
1037 1195 1074 1223 rei
1098 1195 1258 1224 tractandae
1282 1203 1325 1223 me
1350 1195 1468 1231 impedit
1491 1204 1568 1231 quo-

49 1249 146 1279 minus
170 1248 224 1276 hoc
255 1247 321 1276 loco
343 1247 397 1276 tale
422 1247 494 1283 quid
516 1246 713 1282 praemittam,
733 1254 794 1282 quo
817 1247 1015 1283 praeerantiam
1041 1246 1201 1283 argumenti
1225 1247 1386 1276 ostendam.
1428 1247 1563 1283 Vulgaris

50 1307 114 1328 esse
129 1297 327 1335 praeparatio,
349 1304 376 1326 et
392 1298 499 1326 nullam
516 1298 572 1325 nisi
596 1297 824 1332 opportunitatis
852 1298 962 1326 laudem
987 1299 1042 1326 sibi
1069 1298 1214 1326 vindicare
1237 1306 1325 1333 posse
1351 1298 1506 1326 videretur.

89 1349 152 1379 Alii
179 1348 209 1377 in
232 1348 421 1385 Philosophia
443 1347 552 1377 Morali
576 1348 729 1376 excolenda
755 1347 784 1376 id
812 1348 868 1376 sibi
887 1349 1073 1385 propositum
1095 1348 1218 1383 habent,
1241 1354 1273 1376 ut
1291 1347 1474 1377 Felicitatem
1493 1357 1571 1378 asse·

49 1407 187 1438 quantur.
241 1399 346 1428 Putant
387 1399 443 1428 sibi
469 1399 581 1434 licere,
617 1405 723 1427 Virtute
749 1406 896 1434 nunquam
921 1399 1043 1434 relicta,
1081 1398 1168 1427 simul
1199 1399 1340 1427 desiderio
1371 1399 1416 1427 illi
1452 1399 1568 1428 satisfa-

48 1461 112 1483 cere
129 1451 210 1488 quod
224 1450 254 1479 in
272 1451 367 1479 animo
392 1451 513 1480 infixum
540 1448 701 1483 sentimus,
723 1450 803 1484 quod
820 1458 880 1478 non
896 1449 1072 1483 didicimus,
1093 1449 1280 1484 accepimus,
1302 1449 1444 1485 legimus,
1467 1457 1566 1478 verum

49 1512 85 1534 ex
108 1510 210 1534 natura
230 1502 292 1537 ipsa
308 1503 503 1539 arripuimus,
537 1500 708 1534 hausimus,
729 1500 946 1536 expressimus,
968 1500 1104 1535 quodque
1130 1500 1217 1528 homo
1240 1501 1322 1528 etiam
1340 1506 1408 1536 post
1427 1501 1566 1529 crudelis-

46 1556 121 1585 sime
141 1555 269 1584 delusam
294 1561 373 1590 spem
402 1563 460 1583 non
485 1550 542 1583 nisi
568 1558 634 1579 cum
661 1550 753 1579 anima
770 1559 890 1587 prorsus
913 1551 1073 1586 relinquit:
1092 1551 1234 1587 appetitui
1259 1551 1371 1579 scilicet
1389 1551 1565 1583 Felicitatis.

48 1607 84 1636 ln
109 1604 300 1641 Philosophia
327 1601 434 1631 Morali
466 1608 607 1637 quaerunt
630 1601 804 1630 Felicitatem
827 1610 947 1638 eamque
972 1602 1097 1630 hominis
1121 1602 1253 1639 dignitati
1280 1604 1506 1632 convenientem.

52 1664 53 1667 ’
89 1658 149 1687 Alii
170 1657 199 1686 in
217 1656 315 1684 eodem
333 1654 432 1682 studio
451 1661 511 1681 non
532 1653 569 1682 ita
594 1661 660 1689 prae
684 1653 801 1682 caeteris
826 1653 1000 1682 Felicitatem
1030 1659 1159 1689 spectare
1176 1653 1330 1688 videntur,
1351 1661 1435 1689 quam
1453 1652 1565 1688 quidem

52 1710 185 1740 Virtutis
201 1712 319 1744 propter
337 1705 493 1740 seipsam,
519 1711 548 1732 ut
566 1704 691 1740 die-unt,
714 1706 922 1740 aestimandae,
944 1705 1056 1734 intento
1080 1704 1123 1740 agi
1147 1704 1257 1733 studio.
1298 1704 1432 1740 Cupiunt
1457 1705 1565 1733 semina

48 1761 130 1790 illius
155 1759 280 1788 Virtutis
305 1756 394 1793 magis
420 1756 569 1792 magisque
593 1757 722 1784 excolere
752 1763 780 1785 et
806 1756 923 1792 fovere3
945 1756 1069 1793 cupiunt
1097 1755 1238 1785 Virtutem
1258 1755 1412 1785 firmiorem
1432 1755 1559 1784 nobilio·

47 1819 167 1847 remque
194 1810 318 1838 reddere.

88 1862 136 1892 Sic
156 1868 256 1889 omnes
281 1857 451 1893 Philosophi
473 1858 518 1885 vel
536 1857 709 1886 Felicitatem
732 1857 775 1886 vel
795 1858 938 1887 Virtutem
959 1859 1109 1894 praecipue
1125 1864 1268 1894 spectant.

91 1913 187 1949 Hujus
210 1909 375 1939 ttntaminis
394 1917 458 1937 cum
486 1909 541 1937 hoc
570 1910 607 1936 sit
630 1916 826 1945 argumentum
851 1918 992 1945 exponere
1016 1916 1043 1938 ct
1068 1910 1223 1946 dijudicare
1242 1907 1475 1944 coniunctionem
1494 1907 1567 1935 inter

50 1964 193 1993 Virtutem
219 1969 245 1990 et
269 1960 444 1989 Ftlicitatem
477 1961 632 1988 secundum
660 1962 791 1997 dogmata
818 1968 884 1989 cum
909 1961 1029 1997 Epicuri
1054 1968 1080 1989 et
1106 1960 1234 1989 Zenonis
1263 1968 1296 1989 ex
1317 1959 1482 1993 veteribus,
1504 1965 1563 1985 tom

816 2014 841 2040 Λ
864 2021 880 2040 2
1482 2008 1570 2037 Leib-
