1946 2517
178 249 339 281 Nimirum
359 248 538 292 significare
554 252 653 284 Vobis
675 252 880 288 decernebam
893 259 922 290 A
944 261 982 292 Η.
1006 262 1123 303 quibus
1135 263 1338 306 potissimum
1364 269 1466 301 causis
1481 271 1599 304 factum

139 306 199 344 sit,
223 312 258 337 ut
279 305 354 337 tales
374 317 409 337 ac
428 313 529 338 tantas
555 310 645 339 omni
664 315 808 353 tempore
827 315 964 346 rationes
982 315 1188 351 habuerimus
1210 333 1285 354 cum
1311 325 1418 357 studio
1440 329 1600 373 Jurispru-

137 362 262 399 dentiae
279 366 459 404 Romanae,
483 366 576 408 eique
592 376 669 398 suus
686 367 720 398 in
736 369 836 411 patria
832 378 960 416 -nostra
972 372 1074 405 honos
1094 378 1284 412 constiterit.

183 419 222 450 In
241 419 361 462 reliqua
379 423 477 463 igitur
499 422 642 454 oratione
657 423 688 454 id
705 423 831 458 efficere
847 429 1007 469 conabor,
1034 439 1067 463 ut
1093 433 1276 478 intelligatis
1310 438 1443 471 eandem
1471 440 1599 473 laudem

138 476 297 519 hodieque
323 489 395 508 cum
425 480 561 511 maxime
595 492 634 512 eo
667 481 762 513 nobis
793 484 1019 518 vindicandam
1050 499 1138 529 esse,
1172 501 1367 536 omnemque
1387 507 1448 528 nos
1471 508 1601 540 operam

134 532 278 564 conferre
307 540 470 576 oportere,
499 542 533 566 ut
554 536 650 579 hujus
678 539 798 580 optime
827 543 992 574 constituti
1015 550 1047 576 et
1070 557 1088 576 a
1111 548 1287 589 Majoribus
1320 552 1444 594 egregie
1481 553 1602 586 exculti.

135 592 220 622 Juris
243 591 345 622 civilis
365 593 581 634 cognitionem
601 594 770 637 diligenter
793 603 948 630 tueamur.

179 647 298 678 Vereor
312 648 462 690 equidem
476 671 488 687 ‚
511 661 553 681 ne
571 652 729 683 continuo
744 653 881 686 incidam
912 657 944 687 in
969 658 1250 701 reprehensionem
1272 664 1508 704 quorumdam,
1539 668 1597 709 qui

130 702 212 735 mihi
242 712 416 735 occurrunt
438 713 642 747 quaerenteS‚
670 709 748 750 quid
770 711 830 749 sit,
850 712 937 753 quod
958 720 1047 744 tanto
1064 716 1188 755 studio,
1212 728 1338 750 causam
1359 721 1443 751 Juris
1458 724 1596 754 Romani

132 759 302 802 suscipiam
323 763 414 803 quasi
431 760 463 792 id
485 773 502 792 a
524 774 687 805 quoquam
718 774 943 808 oppugnetur,
968 780 1027 800 nec
1057 770 1183 803 debitus
1211 774 1242 804 ei
1270 774 1375 813 honos
1393 787 1453 818 pro
1472 783 1596 819 tempo-

129 827 203 856 rum
217 817 403 849 conditione
425 818 606 850 tribuatur?
649 823 687 851 Et
706 821 801 853 habet
824 825 958 855 istorum
971 836 1052 864 vox,
1079 838 1145 869 quo
1170 829 1255 872 apud
1278 832 1446 874 inperitam
1467 834 1594 866 turbam

128 871 251 914 aliquid
270 873 388 911 valeat;
413 873 466 905 sed
483 885 517 906 re
535 874 616 907 bene
633 877 828 912 considerata
851 892 918 912 non
936 881 1075 914 multum
1093 886 1228 917 curandi
1252 887 1346 919 nobis
1368 889 1518 922 videntur
1545 892 1597 924 isti

126 930 379 973 reprehensores.

168 987 271 1019 Video
288 994 393 1020 autem
410 988 528 1032 duplex
543 989 608 1022 sere
625 1002 693 1024 esse
710 992 838 1026 illorum
856 1007 977 1039 genus,
999 1008 1138 1040 quorum
1160 998 1293 1031 alterum
1312 1009 1402 1045 putat
1419 1014 1488 1035 eam
1507 1015 1597 1037 nuno

126 1054 194 1075 esse
217 1045 492 1089 Jurisprudentiae
515 1050 629 1080 veteris
656 1049 786 1090 faciem,
815 1060 850 1083 ut
876 1065 943 1085 non
972 1056 1074 1097 magis
1103 1054 1221 1088 futuris
1246 1059 1479 1092 ,iureconsultis
1509 1061 1599 1093 addi-

125 1101 239 1132 scenda
263 1103 323 1141 sit,
356 1114 453 1145 qnam
476 1105 675 1146 antiquitatis
700 1115 731 1138 et
760 1110 935 1141 litterarum
962 1111 1137 1143 studiosis:
1182 1113 1327 1145 Alterum
1361 1127 1438 1147 vero
1472 1128 1592 1160 genus,

124 1157 217 1200 quasi
234 1157 274 1188 de
298 1156 353 1188 lite
371 1159 566 1201 transigens,
589 1160 736 1193 lubenter
758 1163 896 1196 affirmat
919 1176 1066 1208 magnam
1091 1167 1252 1211 hodieque
1278 1171 1343 1202 vim
1367 1178 1398 1203 et
1424 1172 1593 1207 efficacita-

125 1218 189 1244 tem
219 1215 254 1244 in
276 1214 351 1244 Jure
378 1215 525 1246 Romano
550 1220 684 1258 positam
713 1230 780 1250 esse
807 1221 845 1252 ad
875 1232 1032 1253 novarum
1058 1225 1178 1266 Legum
1211 1227 1403 1270 scriptarum
1419 1253 1428 1267 ‚
1471 1232 1595 1274 quibus

121 1269 227 1302 adhue
267 1269 390 1300 utimur
406 1292 417 1308 ,
459 1272 677 1313 cognitionem
723 1282 754 1306 et
793 1278 1085 1320 interpretationem
1101 1304 1110 1318 ‚
1143 1288 1174 1312 et
1216 1288 1379 1326 tamquam
1419 1285 1518 1319 facem
1553 1290 1592 1321 iis

122 1326 164 1359 ab
179 1324 392 1358 adhibendam
407 1337 494 1367 esse,
517 1330 574 1372 qui
592 1331 671 1361 boni
697 1331 870 1376 aliquando
892 1334 1018 1367 Judices
1040 1338 1074 1367 in
1093 1336 1265 1378 tribunali,
1295 1348 1350 1372 aut
1370 1342 1522 1375 Advocati
1556 1346 1591 1377 in

119 1382 191 1415 foro
212 1381 346 1414 evadere
365 1390 486 1425 optent.
531 1388 574 1417 At
593 1393 767 1431 utrumque
794 1401 915 1433 genus,
940 1391 1019 1423 dum
1036 1392 1222 1437 disciplinae
1239 1403 1365 1428 nostrae
1385 1398 1494 1430 laudes
1512 1411 1586 1441 prae

119 1449 154 1471 se
172 1438 254 1478 fert,
277 1445 387 1472 metuo
419 1452 461 1472 ne
483 1441 667 1475 detrimenti
690 1445 764 1488 plus
786 1448 835 1484 ei,
869 1459 965 1491 quam
1001 1449 1210 1483 emolumenti
1236 1452 1365 1486 adferat.
1411 1456 1491 1486 Nam
1519 1456 1592 1488 licet

118 1506 215 1528 nemo
232 1502 351 1527 temere
371 1499 551 1540 negaverit,
574 1506 604 1531 et
633 1500 811 1534 litterarum
834 1505 1038 1547 antiquarum
1058 1500 1171 1538 studia
1184 1514 1216 1538 et
1244 1519 1347 1541 novos
1372 1510 1448 1542 istos
1467 1513 1589 1554 Legum

119 1552 264 1584 civilium
281 1551 407 1584 codices
435 1555 477 1585 ita
495 1556 766 1599 Jufisprudemiae
791 1562 952 1592 Romanae
975 1561 1097 1594 lumine
1125 1563 1296 1603 illustrari,
1322 1572 1358 1597 ut
1378 1566 1464 1598 haud
1485 1569 1584 1600 sciam

123 1618 164 1639 an
183 1607 273 1639 nulla
291 1619 325 1640 re
346 1611 465 1653 magiS‚
490 1612 766 1646 vehementissime
786 1622 891 1648 tamen
913 1629 1016 1662 errare
1039 1619 1109 1651 illos
1124 1620 1281 1661 arbitror,
1307 1624 1364 1665 qui
1388 1623 1439 1654 hic
1458 1635 1524 1655 non
1542 1624 1588 1655 al-

118 1664 182 1696 tius
201 1671 360 1707 spectent,
382 1673 412 1697 et
431 1667 516 1699 hisce
538 1669 614 1712 ipsis
643 1670 764 1703 finibus
788 1672 931 1704 laudatae
957 1663 1120 1707 do'ctrinae
1159 1680 1383 1719 praestantiam
1410 1679 1589 1713 describere

116 1731 184 1752 uon
200 1720 359 1753 dubitent.
407 1722 484 1754 Non
512 1724 574 1755 hoc
597 1718 741 1767 profecto
764 1729 898 1760 consilio
928 1732 1046 1761 summi
1077 1731 1124 1762 illi
1145 1734 1234 1771 Viri,
1259 1745 1399 1776 quorum
1423 1735 1588 1767 immorta-

118 1766 203 1807 libus
225 1777 349 1820 scriptis
371 1777 530 1809 decimum
565 1789 689 1812 sextum
715 1790 745 1814 et
778 1784 1140 1827 septimum'sacculum
1169 1789 1208 1820 ad
1235 1800 1365 1821 omnem
1396 1793 1584 1824 memoriam

116 1831 309 1864 celebratum
333 1841 401 1872 est,
424 1836 508 1866 Juris
530 1838 665 1868 Romani
685 1840 848 1871 seientiam
866 1842 899 1872 in
922 1844 1088 1884 pristinam
1110 1845 1296 1888 dignitatem
1326 1855 1581 1887 revocaverunt,

116 1895 154 1919 ut
179 1888 351 1931 aliqnando
377 1890 416 1921 ab
440 1892 570 1934 ingratis
589 1896 724 1936 posteris
744 1908 810 1928 non
834 1899 885 1928 sui
921 1898 1059 1941 amplius
1084 1911 1177 1932 causa
1204 1909 1422 1945 expeteretur,
1452 1904 1507 1934 sed
1536 1905 1586 1936 in-

116 1945 286 1976 strumenti
314 1952 344 1976 ct
361 1946 546 1980 adminiculi
581 1950 651 1982 loco
679 1951 720 1984 ad
749 1953 880 1986 aliarum
908 1956 1132 1988 tantummodo
1160 1957 1378 1990 doctrinarum
1408 1970 1501 1991 usum
1527 1961 1585 1991 ad·

115 2000 291 2032 biberetur!
812 2018 817 2021 ·
898 2013 922 2042 B
1487 2016 1583 2056 Quod
