1946 2517
333 157 368 195 35
718 148 759 179 H.
839 148 873 180 p..
950 153 1020 174 na
1097 140 1458 172 KANTER

337 240 394 268 huc
422 241 552 274 spectant
579 239 729 272 praecepta
755 230 881 267 ἱρείης]
910 237 934 256 .u
967 227 1072 256 ixiarth.
1102 226 1153 254 xx
1174 227 1220 254 Ha
1242 232 1280 262 7,
1302 224 1341 257 8,
1365 231 1419 257 10,
1445 230 1499 259 13,
1520 227 1553 250 ut
1581 228 1608 251 et
1631 222 1712 253 Pauli
1740 225 1841 255 acor.

338 290 374 319 12
397 298 443 328 24,
472 286 582 317 2Tim‚
607 287 649 315 112
672 294 724 322 24,
748 291 796 319 95.
845 283 883 309 ht
905 277 1023 307 omnino
1053 277 1086 305 ab
1115 277 1149 305 iis
1181 276 1253 312 ipsis
1287 274 1392 303 summi
1420 274 1556 302 Doctoris
1581 274 1651 311 Jesu
1680 276 1842 312 exemplum

336 340 527 370 adhibendum
555 344 618 373 est,
640 337 723 373 cujus
748 333 880 362 universa
906 328 1006 366 agendi
1031 327 1103 356 ratio
1129 328 1205 355 hunc
1231 327 1356 355 animum
1382 333 1492 361 semper
1517 326 1738 362 comprobavit,
1759 329 1836 365 ejus.

338 401 393 430 que
420 390 595 428 professioni
620 387 696 424 apud
722 385 809 413 Matt.
840 384 903 411 XI:
935 382 1081 416 28—30.
1113 379 1232 407 omnino
1261 384 1449 406 consentanea
1475 376 1532 405 fuit
1553 377 1651 415 (14).
1701 380 1746 408 Ex
1772 388 1842 410 aevo

336 442 511 480 Apostolico
531 439 609 469 conf,
632 439 700 467 Act.
719 435 774 465 XV
793 440 822 463 et
846 434 931 463 locus
954 432 1006 460 cit·
1033 431 1115 460 Pauli
1144 430 1245 459 2Cor.
1266 430 1296 458 l:
1320 438 1367 464 24.
1408 429 1448 457 Et
1469 428 1569 457 Petrus
1595 437 1712 466 quoque
1737 431 1766 460 in
1786 432 1843 461 hoc

338 495 403 531 ipso
431 494 513 528 loco,
549 499 631 527 quem
669 495 846 521 tractamus,
875 490 986 513 tanturn
1016 482 1118 517 abest,
1147 487 1179 508 ut
1209 487 1344 509 coetuum
1381 480 1517 515 illorum,
1550 481 1656 516 quibus
1689 473 1842 518 epistolam

340 545 481 581 scripsit,
507 542 691 579 Presbyteros
717 541 745 568 vi
773 539 807 567 ad
831 536 954 566 officium
976 534 1145 570 compellere
1167 532 1294 567 studeat,
1324 532 1368 561 vel
1390 531 1443 559 alia
1467 539 1642 568 quacunque
1663 532 1772 562 ratione
1791 533 1844 563 im-

338 597 448 633 perium
470 594 523 623 sibi
543 593 571 623 in
591 601 639 621 eos
660 597 793 627 arroget,
822 596 853 617 ut
877 596 907 616 se
931 585 1166 623 συμπρεσβύτερον
1187 590 1284 611 eorum
1310 582 1451 618 appellet,
1482 583 1588 618 quibus
1613 583 1682 612 adeo
1704 591 1843 621 tanquam

341 648 466 685 eJusdem
495 644 619 674 muneris
643 642 731 671 sociis
758 649 816 670 non
834 640 981 677 jubendo,
1011 636 1060 665 sed
1087 634 1251 669 suadendo,
1272 632 1361 661 amice
1385 639 1412 662 et
1432 634 1579 670 modeste,
1609 635 1678 670 quid
1700 635 1785 665 officii
1805 637 1845 666 sit

339 706 365 727 et
394 706 452 734 quo
478 696 573 725 animo
596 694 727 730 singulae
752 694 816 729 ejus
843 697 939 726 partes
963 687 1116 723 explendae
1137 686 1217 720 sint,
1246 685 1276 713 in
1308 684 1470 713 memoriam
1495 691 1580 713 vocat
1609 692 1636 714 et
1663 692 1740 715 certe
1762 687 1858 716 futu-.

336 758 397 778 rum
419 747 581 778 communis
601 744 718 774 Domini
736 744 806 781 Jesu
825 740 937 771 Christi
958 741 1003 770 τοῦ
1024 739 1210 775 ἀρχιποιμένος
1233 735 1352 764 reditum
1375 741 1403 764 et
1422 735 1539 765 solenne
1561 737 1596 764 ab
1622 744 1656 766 eo
1681 738 1842 769 habendum

336 801 476 839 judicium
507 805 572 827 ante
603 797 706 826 oculos
744 794 838 831 ponit.
880 791 968 829 Quod
993 790 1018 818 si
1041 790 1137 818 animo
1162 792 1346 824 reputarent,
1368 786 1457 815 nullis
1479 787 1544 816 aliis
1569 795 1653 822 opus.
1672 795 1730 818 erat
1755 790 1845 820 ratio-

338 854 425 882 nibus
451 857 537 886 atque
567 846 764 886 argumentis,
794 845 828 873 ad
854 843 1021 872 modestiam
1047 840 1076 870 in
1105 838 1242 868 curandis
1271 838 1417 867 Ecclesiae
1443 838 1527 866 rebus
1554 840 1677 875 graviter
1698 840 1847 870 inculcan-

338 906 411 933 dam.
455 902 626 940 Quanqram
647 899 720 928 enim
745 899 773 926 in
801 896 846 925 his
867 895 997 932 gerendis
1022 892 1100 922 curis
1125 889 1243 926 reliquis
1266 890 1451 926 praeiissent,
1472 898 1582 926 semper
1603 898 1654 920 eos
1678 892 1841 923 meminisse

338 955 509 992 oportebat,
530 961 578 981 eos
600 952 708 988 primos
728 949 803 978 inter
828 955 908 983 pares
933 945 1111 974 constitutos
1136 949 1218 977 esse,
1240 941 1348 977 quibus
1367 950 1480 977 semper
1500 942 1528 970 id
1551 942 1680 970 studiose
1700 944 1840 980 agendum

336 1013 432 1042 essct,
461 1012 493 1033 ut
517 1003 645 1039 aequalia
673 1001 801 1030 omnium
822 999 887 1036 jura
912 1004 940 1025 et
972 1002 1150 1025 communem
1177 992 1314 1022 omnibus
1343 994 1495 1022 eorundem
1521 993 1722 1023 beneficiorum
1752 996 1847 1024 socie·

336 1065 418 1086 tattrn
445 1061 633 1093 agnoscerent
659 1060 685 1082 et
706 1057 922 1084 venerarentur,
944 1053 971 1076 et
993 1046 1117 1083 singuiis
1142 1053 1194 1081 pro
1219 1044 1293 1072 virili
1321 1050 1398 1079 parte
1426 1045 1461 1073 ad
1488 1051 1561 1072 recte
1585 1051 1612 1072 et
1639 1045 1718 1074 beate
1740 1047 1842 1076 viven-

337 1110 402 1137 dum
431 1107 613 1136 inservirent.
639 1117 675 1127 -
702 1103 791 1140 Quod
815 1101 923 1128 utinam
951 1105 1050 1127 omnes
1074 1095 1221 1124 Ecclesiae
1245 1094 1426 1122 Christianae
1452 1094 1536 1122 rebus
1562 1095 1700 1130 praefecti
1725 1097 1842 1127 serioris

339 1161 400 1190 aevi
424 1157 641 1195 perpendissent
665 1161 692 1183 et
719 1153 754 1182 ab
786 1152 938 1181 identidem
969 1148 1059 1184 magis
1093 1146 1244 1182 magisque
1276 1145 1462 1173 increscentis
1495 1145 1645 1182 dignitatis
1673 1147 1765 1176 abusu
1789 1149 1844 1178 sibi

337 1211 455 1240 omnino
490 1208 657 1242 cavissent,
688 1214 748 1241 quo
784 1203 916 1239 neglecto
941 1208 985 1228 res
1011 1198 1177 1228 Christiana
1209 1197 1329 1225 maxima
1362 1196 1438 1233 cepit
1465 1197 1650 1227 detrimenta!
1688 1198 1844 1229 Enimvero

336 1261 501 1291 dominandi
528 1259 635 1295 cupido
664 1265 748 1293 quam
782 1253 923 1291 plurimos
952 1259 1002 1288 per
1025 1250 1145 1286 longum
1177 1254 1291 1284 tempus
1322 1249 1356 1276 ad
1383 1247 1524 1284 dissidia,
1559 1249 1646 1283 lites,
1685 1249 1750 1278 odia
1775 1250 1848 1285 quin

337 1319 365 1340 et
389 1311 566 1340 atrocissima
593 1310 666 1338 bella
687 1309 821 1344 dirasque
839 1304 1015 1334 calamitates
1037 1308 1064 1329 et
1088 1299 1253 1328 tristissima
1279 1307 1408 1336 quaeque
1433 1299 1539 1328 scelera
1565 1306 1592 1327 et
1619 1299 1725 1336 flagitia
1751 1300 1847 1337 impu-

338 1363 373 1392 lit
399 1369 426 1391 et
453 1362 623 1399 instigavit,
645 1366 751 1396 atque,
775 1365 807 1386 ut
831 1357 913 1386 finem
940 1355 1131 1391 attingerent,
1153 1359 1301 1381 accensam
1326 1351 1436 1380 divinae
1462 1351 1624 1387 Religionis
1653 1350 1846 1387 patefactione

336 1416 428 1444 lucem
452 1416 481 1443 iu
509 1414 636 1442 tenebras
660 1411 827 1445 convertit,
851 1415 878 1437 et
903 1406 1030 1436 melioris
1052 1404 1198 1433 doctrinae
1217 1411 1302 1431 usum
1322 1403 1402 1431 malis
1424 1403 1536 1431 artibus
1551 1401 1701 1438 impedivit
1723 1402 1842 1432 animis·
1872 1426 1875 1429 ,

339 1475 395 1502 que
420 1466 478 1495 vim
501 1465 611 1494 intulit.
652 1463 734 1500 Quae
766 1461 879 1498 quidem
911 1459 983 1487 ratio
1011 1464 1096 1492 quam
1123 1455 1209 1491 longe
1230 1462 1246 1482 a
1270 1453 1432 1490 Religionis
1454 1453 1579 1490 optimae
1604 1453 1728 1482 consilio
1754 1460 1781 1482 et
1802 1454 1847 1483 in-

337 1518 402 1546 dole
432 1516 614 1550 discesserit,
635 1523 672 1543 ex
693 1522 780 1550 supra
799 1512 884 1541 dictis
908 1517 951 1540 est
977 1507 1174 1538 manifestum.
1215 1505 1253 1534 Et
1277 1504 1398 1534 omnino
1421 1504 1478 1533 dici
1506 1512 1566 1533 non
1588 1510 1704 1540 potest,
1726 1511 1799 1541 quot
1819 1511 1849 1534 et

336 1574 442 1605 quanta
468 1568 535 1597 hinc
564 1572 662 1596 exorta
693 1566 751 1595 sint
777 1565 859 1594 mala.
907 1562 960 1591 Sed
984 1561 1052 1589 haec
1079 1567 1112 1587 ex
1141 1558 1262 1588 historia
1294 1557 1442 1587 societatis
1468 1556 1650 1586 Christianae
1676 1557 1747 1585 satis
1775 1563 1846 1587 nota

337 1626 415 1649 sunt.
436 1637 474 1644 --
495 1619 592 1648 Nobis
610 1627 678 1648 vero
699 1626 790 1654 pauca
813 1615 937 1645 notanda
964 1617 1143 1650 supersunt,
1164 1612 1197 1639 de
1222 1610 1329 1646 adjecta
1352 1609 1468 1637 Petrino
1496 1607 1645 1635 contextui
1673 1607 1847 1636 admonitio—

338 1678 396 1704 ne,
418 1678 472 1705 qua
500 1669 677 1706 Presbyteris
705 1669 867 1697 inculcatur
892 1664 1099 1695 animadversio
1123 1662 1230 1697 officii,
1252 1660 1357 1697 quoin
1385 1659 1550 1688 universum
1572 1666 1637 1686 cum
1665 1659 1786 1687 maxime
1804 1666 1849 1688 te-

337 1729 491 1757 nerentur,
520 1722 598 1750 illius
626 1728 750 1756 nempe,
781 1719 860 1754 quod
885 1726 936 1746 cos
959 1715 1038 1745 omni
1065 1715 1164 1751 agendi
1199 1713 1309 1742 ratione
1335 1710 1466 1739 coetibus
1495 1709 1728 1738 Christianorum
1752 1717 1847 1740 exem-

336 1773 415 1809 plum
446 1773 575 1808 praebere
598 1777 750 1807 oporteat,
782 1770 861 1805 quod
883 1777 982 1797 omnes
1005 1767 1039 1795 ad
1063 1765 1252 1794 imitationem
1282 1763 1414 1791 adhibere
1438 1761 1564 1798 possint.

375 1823 508 1852 Muneris
535 1822 608 1850 sacri
638 1830 705 1859 ergo
732 1821 888 1851 consilium
913 1828 947 1848 eo
978 1823 1108 1854 spectat,
1140 1824 1170 1844 ut
1205 1822 1295 1843 rectae
1327 1812 1487 1848 Religionis
1516 1811 1658 1840 divinitus
1691 1812 1847 1848 patefactae

338 1876 460 1904 notitiae
481 1881 676 1911 propagentur
701 1880 727 1901 et
759 1874 792 1901 ad
819 1872 892 1900 vitae
916 1878 1000 1899 usum
1029 1870 1066 1897 ita
1096 1868 1305 1903 adhibeantur,
1337 1872 1367 1894 ut
1398 1865 1448 1893 hac
1475 1863 1520 1893 via
1546 1871 1629 1899 quam
1658 1864 1776 1901 plurimi
1799 1873 1849 1893 ve-

1802 1922 1848 1944 rae

372 1988 453 2024 (14)
473 1989 552 2016 cons.
573 1989 647 2023 Joan.
665 1988 691 2013 1:
714 1987 853 2018 38-V1:
868 1987 913 2019 67.
938 1987 976 2011 X:
997 1985 1101 2012 1—16.
1126 1982 1322 2010 Manxxni:
1345 1988 1389 2014 37.
