1946 2517
419 143 734 176 COMMENTAT10
755 152 789 173 ΙΝ
810 143 1113 183 QUAESTIONEM
1143 144 1351 178 MEDICAM.
1606 153 1640 181 17

135 230 185 260 sed
203 230 245 259 uti
266 229 296 258 in
313 227 454 264 primariis
472 228 605 265 organis,
627 229 668 257 sic
685 228 714 257 in
732 228 851 264 hepate,
873 228 974 256 arteria
996 228 1030 257 ab
1050 237 1106 258 una
1129 235 1239 259 tantum
1266 236 1364 265 parte,
1385 229 1572 258 substantiam
1594 229 1636 258 in-

133 275 280 318 g'reditur,
302 286 405 309 trunco
427 281 514 309 unico
534 282 602 308 satis
622 279 752 316 insigni,
774 285 801 308 et
817 280 930 314 quidem
949 288 1060 316 semper
1076 281 1106 309 in
1124 281 1191 310 loco
1209 281 1355 317 profundo
1376 282 1420 308 vel
1437 283 1465 309 in
1484 281 1562 308 fossa
1576 301 1585 315 ‚
1607 281 1636 309 in

129 338 210 369 parte
224 332 257 360 ab
277 332 389 360 actione
408 331 574 368 injuriarum
594 337 770 360 externarum
789 330 874 366 longe
896 330 997 358 dissita
1009 350 1019 365 ‚
1041 331 1111 359 adeo
1130 338 1161 359 ut
1179 331 1345 368 superficies
1357 352 1367 364 ,
1390 332 1418 360 in
1439 340 1495 367 qua
1513 332 1635 360 minores

126 382 228 414 dentur
244 383 464 414 ramifieationes
481 382 613 420 facilius,
635 389 719 419 quam
743 381 827 410 locus
859 381 909 410 ubi
925 382 1021 410 trunci
1039 382 1142 411 dantur
1154 402 1165 419 ,
1186 383 1258 412 laedi
1275 383 1373 421 possit
1394 383 1468 421 (a).

420 617 744 650 CAPUT
845 616 1333 649 DECIMUM.

556 726 606 747 DE
635 725 747 747 ALIIS
784 723 1040 745 ARTERIOSIS
1071 724 1196 745 VASIS.

123 845 154 882 S.
168 812 374 875 22.Praeter
403 845 533 874 arteriam
561 844 739 881 hepaticam,
772 843 825 872 alia
848 844 984 873 arteriosa
1009 851 1077 872 vasa
1099 844 1192 873 adhuc
1210 850 1261 879 per
1286 844 1348 881 eius
1372 844 1564 874 substantiam
1582 844 1630 872 de·

122 903 256 926 currunt.
298 896 422 924 Ramuut
451 897 522 925 satis
543 896 687 932 insignem
710 903 794 932 saepe
821 896 921 924 arteria
943 896 1126 924 mesenterica
1152 896 1284 931 superior
1303 896 1401 933 hepati
1429 897 1550 932 tribuit,
1572 896 1635 925 fos-

108 956 183 989 ,sam
205 954 393 976 transversam
411 953 574 984 petentemg,
597 955 706 976 ramum
726 955 831 983 porro,
853 955 887 975 eo
911 947 1064 984 majorem,
1086 954 1145 982 quo
1168 947 1263 975 minor
1286 946 1325 975 sit
1343 947 1460 976 arteriae
1488 947 1636 984 hepaticae

124 999 239 1027 sinister
262 1006 379 1033 ramus,
412 999 498 1034 hepar
524 1007 539 1027 a
567 1000 717 1028 coronaria
743 998 899 1028 ventriculi
919 998 1046 1034 accipit,
1077 998 1202 1027 minores
1224 999 1348 1034 denique
1374 1000 1481 1027 multos
1505 999 1629 1027 ramulos

126 1050 232 1085 accipit
255 1050 342 1086 hepar
364 1057 379 1078 a
400 1051 560 1079 mammaria
582 1050 712 1085 interna,
742 1050 898 1087 phrenica,
925 1049 1180 1085 suprarenalibus,
1209 1050 1378 1087 spermatica
1404 1055 1432 1078 et
1461 1049 1631 1086 epigastrica

119 1100 152 1129 in
172 1101 271 1130 dextro
292 1101 376 1130 latere
396 1101 529 1138 corporis
549 1101 613 1130 sitis
635 1102 650 1139 (
662 1101 716 1138 b).

440 1330 707 1362 CAPUT
774 1324 1320 1362 UNDEC1MUM.

673 1439 791 1459 VENA
832 1438 1084 1459 PORTARUM.

118 1550 146 1587 §.
164 1557 212 1585 23.
227 1519 291 1580 A
316 1548 462 1579 veteribus
480 1557 550 1578 vena
567 1550 704 1579 arteriosa
719 1569 730 1586 ,
753 1550 795 1579 vel
817 1550 917 1578 arteria
933 1557 1040 1579 venosa
1058 1550 1153 1585 dicta,
1175 1557 1263 1585 quum
1282 1548 1395 1578 scilicet
1412 1557 1460 1579 vas
1477 1550 1546 1580 illud
1565 1559 1628 1588 par·

116 1601 168 1628 rim
188 1601 221 1628 de
244 1608 343 1629 natura
363 1601 548 1636 arteriarum,
577 1603 679 1637 partim
704 1601 738 1629 de
763 1608 899 1630 venarum
922 1608 1022 1630 natura
1047 1600 1214 1638 participat.
1260 1601 1325 1631 Hoc
1353 1602 1466 1638 quidem
1493 1610 1627 1640 respectu

114 1659 186 1681 vena
200 1652 256 1680 dici
274 1658 417 1687 meretur,
440 1653 518 1688 quod
540 1661 600 1682 non
621 1660 730 1682 tantum
755 1659 816 1682 tota
840 1653 935 1689 ipsius
960 1652 1069 1682 fabrica
1095 1660 1161 1681 cum
1190 1652 1283 1682 eadem
1303 1661 1437 1682 venarum
1454 1654 1629 1691 conveniat;

116 1703 166 1731 sed
185 1702 266 1730 etiam
289 1704 367 1739 quod
383 1711 517 1732 venarum
534 1704 681 1740 adinstar,
705 1711 825 1734 truncus
851 1705 940 1742 hujus
961 1712 1048 1733 venae
1071 1712 1104 1733 ex
1122 1704 1257 1741 pluribus
1279 1705 1359 1734 venis
1380 1705 1543 1735 minoribus
1564 1715 1631 1736 coa-

114 1750 204 1784 'lescat
224 1754 301 1792 (c).
342 1755 388 1784 Eo
407 1763 475 1784 vero
495 1762 628 1792 respectu
654 1764 721 1785 cum
746 1757 859 1786 arteriis
882 1756 1039 1792 convenit,
1068 1756 1148 1792 quod
1173 1763 1294 1785 truncus
1323 1763 1409 1785 venae
1429 1763 1574 1793 portarum
1598 1757 1629 1786 in

1584 1808 1630 1837 in-

142 1874 195 1902 (ι)
217 1873 256 1896 ΕΓ.
274 1873 374 1901 mehor,
390 1874 464 1898 Anat.
483 1875 564 1900 Gener,
582 1877 609 1899 T,
624 1881 645 1899 2.
667 1876 719 1898 620.

143 1915 194 1941 (b)
212 1915 248 1937 cf.
263 1915 359 1942 Hmkr,
374 1916 445 1938 Elam.
461 1917 528 1944 Phys.
546 1919 574 1941 Τ,
590 1918 612 1940 6.
626 1918 650 1941 L.
667 1923 700 1944 23.
720 1917 740 1940 S.
755 1922 777 1940 ι.
792 1915 812 1943 S.
825 1922 853 1945 9,
870 1921 905 1940 ιο.
932 1913 1090 1944 Hildebrand,
1105 1916 1186 1940 Lohrb.
1201 1915 1241 1936 der
1255 1912 1300 1938 An.
1320 1915 1346 1937 Τ.
1362 1919 1384 1938 2.
1401 1914 1421 1943 §-
1436 1913 1500 1937 ²106.
1531 1914 1629 1941 Durum,

110 1951 215 1980 Princip,
231 1953 256 1973 de
273 1954 328 1980 quv
354 1957 383 1978 T·
395 1963 418 1982 4.
441 1963 464 1984 ρ.
479 1959 530 1985 578.

140 1993 186 2022 (τ)
208 1995 246 2018 ef.
262 1995 358 2024 uana,
380 1997 450 2022 Elem.
467 1999 533 2026 Phys.
557 2000 587 2024 τ.
602 2001 625 2024 6.
641 1999 666 2022 1..
681 2004 716 2026 23-
733 1999 756 2023 s.
768 2004 788 2021 ι.
804 1997 824 2026 s.
838 2004 870 2025 η.

908 2040 934 2070 C
