1946 2517
386 165 611 197 RESPONSIO
631 174 672 196 AD
691 164 989 205 QUAESTIONEM
1010 164 1333 196 THEOLOGICAM.
1575 172 1610 202 27

104 252 248 290 augendae
269 248 413 279 felicitati.
460 248 608 277 Nimirum
634 248 730 277 omnis
759 248 809 276 illa
836 255 934 276 eorum
967 257 1035 278 cura
1062 257 1096 279 eo
1122 255 1256 285 spectat,
1286 255 1320 277 ut
1354 255 1404 276 eos
1432 246 1608 281 Relibeionem

104 304 299 336 Christianam
321 302 467 330 edoceant.
508 301 665 339 Quomodo
691 308 798 336 quaeso
817 309 962 329 sacrorum
983 301 1102 330 antistes
1123 301 1242 330 afflictos
1264 300 1452 333 consoletur,
1475 298 1533 326 nisi
1563 297 1610 325 iila

101 355 238 384 tradendo
257 353 418 390 Religionis
436 352 618 382 Christianae
643 358 804 386 momenta,
825 360 897 387 quae
922 353 950 380 in
968 360 996 380 re
1016 353 1130 381 adversa
1147 352 1289 382 solamina
1315 351 1373 379 veri
1400 348 1525 378 nominis
1548 347 1616 375 aii-“e-

101 407 194 436 runt?
224 405 291 443 Qua
312 405 424 437 tandem
449 405 557 432 ratione
584 394 706 440 injectos'
725 403 760 431 de
783 404 931 440 religionis
954 403 1073 432 veritate
1095 403 1251 439 scrupulos
1274 408 1423 436 amoveat,
1449 406 1476 428 et
1500 398 1612 426 animos

103 456 274 491 confirmet,
303 455 360 483 nisi
388 455 422 484 iis
448 455 478 484 in
505 454 627 483 medium
660 455 851 490 producendis
890 463 917 483 et
944 456 1096 491 prudenter
1123 454 1292 484 adhibendis
1318 453 1459 484 rationum
1486 449 1618 486 ponderi-

101 507 179 543 bus,
208 507 316 543 quibus
340 506 502 543 Religionis
527 506 714 535 Christianae
738 507 844 537 veritas
868 506 1073 542 comprobetur
1094 506 1213 542 ejusque
1244 505 1401 534 auctoritas
1425 502 1521 531 diviua
1546 508 1617 528 con-

103 559 244 589 firmetur.
289 557 320 586 Si
343 566 427 594 quem
452 566 468 586 a
489 563 565 586 recta
590 557 638 586 via
663 558 837 587 aberrantem
862 559 891 587 in
908 566 967 586 earn
991 558 1123 586 reducere
1143 557 1214 585 velit
1232 555 1319 584 Verbi
1340 555 1439 583 Divini
1465 552 1618 586 minister,

103 618 201 640 nonne
227 610 255 638 id
280 609 433 645 praecipue
459 615 577 637 acturus
604 614 664 644 sit,
692 616 725 637 ut
751 617 814 637 eum
838 610 975 645 edoceat,
1007 610 1079 646 quid
1107 608 1270 644 Religionis
1296 606 1478 636 Christianae
1507 603 1619 633 indoles

104 661 232 696 requirat
252 666 281 688 et
309 660 460 696 injungat,
486 667 513 688 et
536 667 593 695 qua
614 659 724 688 tandem
748 660 859 690 ratione
885 660 998 697 singula
1024 659 1166 688 divinitus
1194 659 1368 695 praescripta
1396 656 1486 685 officia
1509 654 1621 691 explere

102 712 276 749 possimus,
297 717 326 740 et
348 711 454 748 quibus
473 711 570 740 causis
592 717 620 739 et
638 711 799 740 rationibus
824 714 860 741 ad
877 720 908 741 ea
928 712 1062 747 religiose
1083 711 1252 746 praestanda
1270 709 1405 738 obstricti
1422 708 1525 736 simus.
1566 706 1623 734 Est

103 771 172 792 vero
191 762 268 791 Petri
288 763 448 791 admonitio
471 763 505 790 de
528 770 597 790 cura
620 768 755 790 coetuum
792 763 910 799 gerenda
933 769 961 791 et
983 762 1119 791 omnihus
1143 761 1323 789 inserviendo
1349 767 1404 788 tam
1428 760 1484 788 late
1502 765 1621 794 parem,

104 820 138 842 ut
169 814 243 842 nihil
270 814 389 842 omnino
415 813 661 842 intermittendum
687 821 749 841 esse
778 813 977 849 intelligatur,
1007 813 1088 848 quod
1113 812 1149 840 ad
1178 813 1357 848 singulorum
1382 811 1501 839 salutem
1528 815 1556 836 et
1579 808 1623 837 fe-

103 865 242 894 licitatem
268 865 381 893 tendere
411 865 518 900 possit.
569 864 761 899 Nequaquam
793 872 860 900 ergo
884 864 928 893 illi
953 864 1010 893 dici
1037 864 1156 900 possint
1180 864 1247 891 huic
1279 869 1450 900 praecepto,
1480 868 1511 889 ut
1536 868 1624 896 opor-

106 922 169 951 tet,
191 924 298 944 morem
324 924 436 952 gerere,
458 915 565 951 quibus
587 923 675 944 unum
700 916 746 944 vel
773 915 892 944 alterum
922 924 954 944 ex
982 915 1039 944 hoc
1068 923 1170 952 genere
1195 914 1319 943 officium
1345 914 1426 943 cordi
1449 922 1511 941 esse
1533 913 1626 941 videa-

105 973 178 1002 tur,
201 966 320 1002 reliquis
345 968 428 1003 plane
447 966 598 1003 neglectis.
640 966 683 995 Ea
708 966 823 1002 quidem
851 967 993 1003 praecepti
1018 967 1184 1003 Apostolici
1208 966 1408 996 universalitas
1436 971 1516 993 tanto
1535 963 1623 1000 magis

17 1018 21 1019 ⁷
105 1018 136 1048 in
162 1018 265 1047 oculos
289 1018 435 1053 incurrit,
464 1018 608 1053 siquidem
642 1017 900 1046 animadvertamus
928 1019 1151 1054 descriptionem
1178 1018 1356 1047 conditionis
1385 1025 1451 1046 vere
1478 1017 1575 1044 beatae
1597 1021 1625 1043 et

105 1070 273 1106 gloriosae,
294 1070 330 1098 ad
354 1077 440 1105 quam
468 1069 605 1097 evehendi
625 1068 709 1105 sint3
729 1070 863 1099 videlicet
884 1071 986 1099 Petrus
1008 1071 1143 1105 affirmat,
1165 1069 1316 1098 ministros
1343 1076 1442 1097 sacros
1470 1066 1624 1102 aliquando

105 1127 259 1148 consortes
286 1120 349 1148 fore
369 1124 417 1154 τῆς
437 1121 512 1155 δόξης
539 1123 586 1150 τοῦ
607 1122 821 1158 ἆρχιποιμένος,
841 1128 869 1150 et
896 1122 952 1150 hoc
972 1127 1084 1150 tantum
1109 1120 1279 1149 beneficium
1305 1126 1439 1154 tanquam
1465 1118 1624 1154 praemium

105 1170 160 1198 rite
194 1171 301 1205 peracti
333 1171 428 1206 operis
459 1172 618 1200 demandati
651 1180 824 1208 accepturos
853 1181 928 1202 esse.
977 1173 1066 1211 Quod
1096 1172 1245 1209 quomodo
1277 1171 1446 1206 sperandum
1477 1170 1536 1204 sit,
1568 1169 1625 1198 uisi

108 1221 243 1250 omnibus
271 1223 397 1251 muneris
430 1223 503 1251 sacri
531 1222 631 1252 officiis
665 1224 719 1252 rite
752 1224 848 1252 functi
883 1223 966 1252 sint?
996 1224 1101 1259 Neque
1127 1231 1230 1252 temere
1258 1230 1313 1251 nos
1343 1222 1373 1250 in
1400 1222 1454 1249 hoc
1488 1228 1627 1249 conteXtu

112 1272 269 1301 consilium
291 1280 485 1310 praescriptae
511 1275 592 1303 illius
613 1277 760 1308 ἐπισκοπῆς
779 1274 874 1303 latiori
903 1275 958 1303 hoc
981 1283 1069 1304 sensu
1092 1275 1179 1304 nobis
1203 1281 1383 1310 proponere,
1405 1272 1490 1300 nobis
1509 1271 1625 1307 quidem

106 1329 187 1353 tanto
214 1324 374 1354 evidentius
400 1333 462 1354 esse
485 1326 619 1361 videtur,
640 1327 722 1362 quod
742 1326 773 1354 in
798 1325 989 1360 sequentibus
1016 1334 1076 1354 non
1097 1326 1131 1354 de
1155 1324 1258 1354 officiis
1278 1323 1502 1360 particularibus
1532 1330 1627 1351 sermo

107 1382 174 1410 est,
196 1376 243 1403 sed
263 1375 296 1404 de
314 1376 401 1405 officii
418 1378 553 1413 explendi
576 1378 684 1414 modo,
710 1383 739 1406 et
759 1377 849 1407 animi
870 1385 957 1406 sensu
978 1384 1066 1413 atque
1088 1377 1192 1407 affectu
1205 1397 1216 1413 ,
1238 1385 1298 1413 quo
1323 1382 1558 1412 unumquemque
1574 1375 1628 1404 im·

106 1425 209 1455 butum
232 1435 295 1456 esse
322 1435 466 1463 oporteat.

145 1477 256 1506 Omnes
285 1478 372 1514 igitur
395 1480 468 1508 sacri
496 1479 625 1509 muneris
646 1486 742 1516 partes
765 1478 852 1508 Petro
874 1479 922 1509 hie
953 1480 991 1509 ob
1016 1481 1120 1509 oculos
1143 1479 1257 1515 fuisse,
1278 1487 1337 1508 non
1365 1479 1542 1509 dubitamus.
1582 1480 1629 1509 Ex

107 1527 183 1556 locis
208 1537 274 1557 vero
309 1537 395 1565 supra
420 1531 515 1559 allatis
538 1531 765 1566 concludimus,
789 1530 916 1566 primum
941 1530 1055 1566 quidem
1080 1531 1201 1567 intelligi
1223 1538 1288 1559 cum
1311 1531 1475 1568 diligentem
1500 1530 1630 1567 Religio-

112 1579 160 1608 nis
190 1579 375 1608 Christianae
404 1580 641 1616 institutionem,
672 1588 735 1610 tum
767 1581 850 1610 etiam
879 1581 1153 1611 administrationem
1184 1580 1333 1617 omnium,
1361 1591 1434 1618 quae
1460 1582 1496 1610 ad
1518 1583 1628 1610 cultum

110 1629 265 1668 publicum
284 1636 311 1658 et
330 1631 465 1660 socialem
485 1632 722 1661 Christianorum
741 1632 910 1668 pertinent,
931 1641 1028 1661 curam
1047 1633 1171 1668 denique
1189 1633 1291 1662 eximie
1313 1634 1490 1670 pastoralem
1512 1632 1628 1661 dietam.

150 1681 194 1709 De
220 1681 306 1710 modo
336 1689 402 1710 vero
431 1684 588 1718 universo,
610 1692 670 1719 quo
693 1684 842 1712 Ecclesiae
864 1684 1001 1713 ministro
1028 1684 1058 1712 in
1087 1684 1223 1713 omnibus
1247 1685 1319 1713 sacri
1345 1684 1477 1712 muneris
1498 1683 1629 1720 partibus

111 1732 148 1761 sit
166 1732 336 1761 versandum
349 1752 360 1767 ‚
381 1733 482 1762 Petrus
502 1734 622 1769 exponit
643 1742 672 1763 c.
692 1743 718 1770 3.
741 1735 775 1764 de
799 1735 884 1771 cujus
908 1734 1032 1763 monitis
1050 1734 1125 1763 infra
1143 1742 1319 1770 exponemus
1340 1735 1441 1772 (Sect.
1456 1734 1519 1772 11).
1556 1734 1631 1763 Cae-

110 1788 201 1811 terum
224 1783 258 1810 de
284 1783 414 1818 ratione,
446 1791 503 1818 qua
525 1784 556 1812 in
587 1784 713 1820 singulis
739 1785 866 1812 muneris
891 1784 1024 1820 partibus
1051 1785 1198 1821 explendis
1224 1785 1330 1814 versari
1354 1786 1453 1814 debeat
1474 1793 1551 1813 sacer
1578 1784 1630 1812 mi-

112 1835 222 1868 nister,
243 1833 374 1869 equidem
400 1841 436 1862 ne
460 1833 577 1863 verbum
602 1836 716 1870 quidem
748 1837 861 1872 dicam3
888 1836 928 1864 uti
957 1836 1031 1864 enim
1056 1836 1105 1865 illa
1124 1836 1294 1872 disquisitio
1316 1845 1331 1865 a
1355 1844 1460 1865 nostro
1484 1836 1550 1864 loco
1574 1843 1631 1864 tna-

113 1885 157 1922 gis
182 1885 270 1913 aliena
294 1885 402 1913 censeri
423 1890 540 1921 potest,
563 1885 601 1914 ita
626 1894 703 1915 certe
725 1887 867 1924 ejusmodi
891 1887 953 1922 ejus
976 1893 1019 1915 est
1045 1887 1137 1922 ratio,
1167 1894 1200 1916 ut
1229 1896 1244 1916 a
1267 1888 1374 1924 juvene
1397 1887 1463 1915 iniri
1485 1892 1628 1923 nequeat,

115 1936 223 1972 quippe
243 1935 295 1970 qui
319 1935 354 1964 ab
379 1936 458 1966 omni
487 1945 542 1965 usu
567 1944 594 1966 et
616 1939 787 1974 experientia
810 1938 862 1966 hac
886 1937 914 1966 in
938 1946 967 1966 re
997 1946 1118 1974 prorsus
1141 1938 1297 1966 destitutus
1321 1944 1376 1966 est.

157 1985 204 2016 Ob
230 1986 377 2024 ingentem
404 1986 513 2017 civium
541 1993 569 2017 et
593 1995 730 2017 coetuum
763 1988 1000 2019 Christianorum
1028 1989 1270 2026 multitudinem,
1300 1995 1334 2019 ut
1358 1990 1501 2027 plurimos
1527 1989 1633 2025 requiri

877 2040 904 2069 D
927 2050 945 2069 2
1589 2048 1636 2068 sa·
