1946 2517
670 169 1150 205 nasama·
1545 183 1592 221 ‚7

114 269 256 309 ducam)
289 275 374 305 eos‚‘
396 270 523 297 nostrae
549 275 680 308 quoque
705 266 895 297 commissos
920 276 1034 306 curae,
1063 265 1226 298 exhortari
1255 265 1362 306 volui,
1394 273 1431 299 ut
1453 276 1492 299 ex
1516 278 1581 301 nna

105 332 211 370 ‘parte
233 324 351 356 severis
372 321 486 354 studiis
507 321 693 365 diligentem
720 330 840 355 navent
860 334 1007 368 operam,
1036 336 1158 368 neque,
1180 325 1207 356 si
1234 325 1291 367 qui
1312 324 1497 356 difficilibus
1520 337 1584 357 nu.

118 383 174 425 gis
197 387 229 412 et
250 379 393 423 ineptiis,
423 389 560 422 quarum
584 378 674 410 labor
701 379 825 411 stultus
855 386 903 411 est
923 387 955 412 et
979 382 1098 425 turpis,
1130 391 1164 412 se
1195 380 1319 412 tradant
1339 387 1371 412 et
1397 381 1583 424 implicent,

117 435 354 479 'Philosophiae'
369 435 513 467 studium
532 441 707 474 -exeusent;
740 447 780 466 ex
811 436 908 468 altera
938 448 1015 469 vero
1043 444 1149 481 parte,
1181 444 1218 468 ut
1245 448 1304 468 nec
1330 436 1585 480 Philosophiam,

120 492 358 524 nonnullorum
397 491 461 522 ritu
475 513 484 528 ,
526 491 585 534 qui
624 490 713 533 quod
750 493 900 534 ignorant
930 493 1111 536 vituperare
1139 493 1262 532 solent,
1298 492 1391 524 flocci
1427 493 1579 536 pendant.

122 550 327 592 Quamquam
355 549 410 579 vix
437 546 612 585 monendi,
648 547 769 579 nedum
797 548 950 580 hortandi
977 549 1147 590 videntur,
1186 552 1242 592 qui
1273 549 1359 581 ultro
1395 549 1474 593 quid
1499 549 1585 581 factu.

121 614 205 647 opus
229 604 270 635 sit
290 613 324 635 se
350 601 477 641 videre,
501 602 598 645 idque
621 602 724 636 faeere
747 615 783 636 se
807 603 907 642 velle,
938 616 973 637 re
995 612 1028 637 et
1048 605 1131 637 facto
1153 605 1339 637 ostendunt.
1382 606 1449 637 Vos
1467 606 1583 649 igitur,

113 661 233 704 optimi
256 659 291 692 in
313 658 373 691 hac
395 659 509 691 militia
531 659 794 700 Commilitones,
829 661 875 692 sic
894 662 1043 701 statuite,
1066 669 1103 694 ut
1125 663 1240 694 cecinit
1262 671 1454 695 OVIDIUS=

336 743 402 782 Qui
422 747 547 779 monet,
572 747 609 772 ut
616 741 746 781 sactes,
768 741 862 785 quod
871 744 947 783 jam
957 744 1065 783 facis,
1089 744 1140 776 ille
1161 743 1324 777 monendo

379 796 529 837 Laudat,
549 803 582 828 et
602 796 730 829 hortatu
751 798 940 842 comprobat
960 806 1034 831 acta
1054 811 1123 832 suo.

112 880 228 921 Quin,
254 880 281 911 si
297 889 366 922 quo
384 877 489 910 adhuc
505 879 655 922 cuiquam
675 885 816 911 vestrum
837 890 919 923 opus
936 888 1017 915 esset
1038 881 1189 921 stimulo,
1213 880 1301 913 hunc
1324 880 1507 914 meminisse
1531 883 1584 926 ju-

114 941 246 981 berem,
276 952 291 969 «
318 950 386 971 esse
409 950 466 971 sua
489 940 628 983 praemia
655 939 772 973 laudi.’'
815 940 1000 971 Meminisse
1020 939 1147 971 autem?
1191 941 1261 970 Imo
1291 937 1393 970 oculis
1416 941 1482 971 suis
1505 950 1583 971 con-

113 998 210 1030 tueri.
255 995 351 1037 Quod
372 1006 446 1027 cum
466 1006 579 1027 omnes
602 996 660 1039 qui
683 996 736 1027 hic
753 995 870 1028 adsunt
888 1002 925 1028 vet
941 996 1086 1040 singulos
1108 997 1170 1039 jam
1196 995 1321 1027 dudum
1339 1005 1430 1027 avere
1449 1002 1577 1039 putem,

115 1055 185 1094 Te,
205 1053 263 1086 Vir
286 1052 483 1092 clarissime,
513 1053 570 1095 qui
596 1054 731 1084 Senatus
754 1054 840 1086 Acta
863 1052 926 1085 hoc
950 1063 1036 1085 anno
1060 1054 1202 1092 curasti,
1233 1062 1332 1094 rogo,
1359 1058 1396 1083 ut
1420 1053 1583 1084 ornatissi-

110 1119 244 1142 morum
269 1110 451 1147 Juvenum,
482 1109 542 1151 qui
572 1119 641 1139 non
670 1108 823 1140 indecoro
847 1109 980 1152 pulvere
1007 1109 1149 1148 sordidi,
1179 1120 1196 1140 e
1223 1108 1376 1139 Literario
1403 1109 1582 1139 Certamine

115 1167 296 1210 superiores
314 1165 548 1204 discesserunt,
572 1165 706 1196 nomina
721 1165 815 1197 nobis
834 1166 957 1198 recites.
1001 1167 1075 1205 Quo
1105 1164 1188 1196 facto
1214 1166 1300 1203 Vos,
1321 1164 1581 1206 praestantissimi

110 1225 272 1261 Juvenes,
295 1231 392 1252 aureo
415 1220 574 1259 honoris,
597 1231 675 1252 auro
698 1221 795 1264 longe
820 1222 971 1260 carioris,
994 1222 1136 1265 praemio
1156 1218 1412 1259 condecorandi,
1441 1219 1578 1263 singuli,

108 1280 243 1319 vrecitato
263 1279 402 1323 quisque
424 1288 485 1309 suo
510 1278 664 1318 nomine,
688 1278 752 1309 huc
774 1278 889 1310 ordine
913 1277 1030 1311 adeste.

156 1391 270 1433 Salve,
302 1391 361 1435 qui
393 1392 429 1423 in
455 1389 640 1423 honorifico
668 1391 929 1424 coronandorum
958 1391 1125 1424 Victorum
1152 1400 1251 1422 censu
1270 1391 1394 1434 primus
1412 1389 1477 1422 huc
1495 1401 1582 1423 acce·

106 1451 180 1491 dis,
215 1451 261 1482 mi
289 1459 510 1488 numana,
540 1448 716 1492 discipule,
748 1460 818 1481 non
843 1460 912 1480 uno
937 1448 1070 1480 nomine
1091 1447 1173 1478 mihi
1188 1458 1270 1480 care.
1313 1449 1361 1478 De
1384 1457 1494 1486 sacro,
1530 1447 1584 1478 cui

109 1506 297 1543 destinaris,
321 1515 452 1536 munere
478 1506 521 1536 ita
543 1506 739 1548 exposuisti,
770 1512 806 1537 ut
829 1505 919 1537 facile
943 1505 1213 1545 intellexerimus,
1245 1507 1290 1536 Te
1317 1504 1376 1536 rite
1391 1503 1475 1536 velle
1492 1514 1583 1547 prae-

110 1564 218 1608 parari
244 1561 284 1593 atl
313 1560 393 1592 illud
418 1561 592 1604 aliquando
616 1563 677 1593 rite
704 1561 902 1595 obeundum.
959 1563 1061 1602 Nam,
1095 1572 1199 1605 neque
1228 1562 1262 1592 in
1290 1559 1466 1602 Philologia
1489 1561 1581 1591 Sacra

111 1618 306 1657 etNHistoria
334 1619 377 1648 Te
407 1617 588 1661 hospitem,
620 1629 680 1651 nec
702 1619 903 1651 mediocriter
923 1619 1116 1663 philosopha
1142 1619 1348 1661 cognitione,
1380 1627 1439 1659 pro
1461 1622 1579 1655 aetate,

110 1678 266 1714 tinctum,
296 1674 418 1717 experti
439 1685 561 1707 sumus.
615 1678 663 1708 En
696 1678 817 1719 igitur,
849 1676 939 1720 quod
970 1677 1133 1714 meruisti,
1165 1676 1355 1720 praemium.
1399 1674 1473 1713 Quo
1503 1683 1581 1703 vero

113 1731 195 1775 pede
222 1731 354 1774 coepisti
381 1742 495 1774 perge,
529 1739 566 1763 ut
595 1734 721 1764 Pareuti
751 1740 828 1773 tuo,
858 1733 938 1764 Viro
963 1730 1166 1771 venerando,
1195 1731 1381 1772 Patruisque
1408 1727 1581 1770 aliquando

111 1790 222 1822 Virtus
244 1791 287 1820 Te
307 1796 341 1822 et
366 1789 512 1822 Eruditio
531 1798 698 1834 exaequet.

155 1903 243 1944 Quid
272 1905 338 1941 Tu,
367 1904 637 1946 praestantissime
671 1915 962 1943 WENCKEDACH‚
993 1914 1012 1935 e
1037 1901 1144 1934 dissita
1175 1901 1304 1943 regione
1333 1896 1584 1930 Transc‘salanica

111 1958 177 1991 huc
198 1959 376 1992 advenisti?
423 1961 510 1992 Itane
538 1961 571 1991 in
599 1960 828 1994 florentissimo
843 1962 914 1993 Tuo
941 1958 1119 2001 Gymnasio
1146 1956 1367 1988 Daveacrcensa·
1384 1960 1415 1986 et
1439 1953 1583 1996 Leyden-

935 2018 964 2047 D
989 2026 1008 2046 2
1539 2018 1584 2039 sta
