1946 2517
345 209 1219 273 RESPONSIO

88 528 735 581 QUAESTIONEM
812 522 1471 567 THEOLOGICAM·

548 875 1043 910 INTRODUCTIO.

33 954 221 1021 Munus,
249 992 314 1013 cum
342 985 375 1013 ex
405 990 504 1012 nostra
531 983 673 1012 sententia
698 981 736 1009 sit
769 1002 788 1015 „
807 980 932 1017 dignitas
957 980 1092 1016 quaedam
1110 977 1198 1007 nobis
1222 978 1338 1016 oblata,
1361 984 1416 1013 qua
1427 974 1550 1012 'quidem

37 1036 70 1067 in
93 1043 147 1065 nos
174 1042 330 1071 suscepta,
353 1034 388 1063 ad
413 1034 503 1063 officia
525 1034 661 1069 quaedam
689 1031 843 1068 singularia
871 1031 1030 1068 peragenda
1050 1029 1184 1059 obstricti
1212 1028 1354 1063 sumus”,
1376 1035 1478 1056 munus
1501 1034 1550 1055 sa-

37 1096 119 1116 crum
144 1087 176 1114 in
202 1086 335 1115 Ecclesia
360 1086 532 1114 Christiana
561 1083 669 1119 „illud
697 1084 888 1119 intelligimus
916 1090 1042 1117 munus,
1064 1090 1122 1117 quo
1148 1081 1357 1116 obstringimur
1381 1079 1416 1107 ad
1439 1086 1468 1106 ea
1493 1078 1555 1106 offi-

40 1139 86 1167 cia
115 1137 295 1173 peragenda,
328 1144 400 1171 quae
426 1136 592 1172 pertinent,
621 1136 656 1163 ad
680 1134 841 1171 Religionis
869 1132 1050 1162 Christianae
1082 1131 1241 1160 'doctrinam
1268 1129 1331 1158 aliis
1360 1129 1553 1163 edocendam,

43 1185 155 1217 cultum
179 1194 327 1215 externum
353 1194 380 1215 et
405 1186 540 1215 socialem
565 1186 791 1221 moderandum,
817 1192 903 1221 atque
927 1183 962 1212 iis
987 1183 1121 1212 omnibus
1147 1182 1399 1218 prospiciendum,
1429 1188 1502 1216 quae
1521 1180 1556 1208 ad

39 1238 272 1269 Christianorum
302 1237 384 1266 fidem
419 1236 641 1266 confirmandam
670 1244 823 1272 moresque
849 1235 1040 1264 emendandos
1073 1233 1166 1262 facere
1195 1233 1332 1269 possint,
1364 1240 1392 1260 re
1423 1232 1554 1261 universa

39 1291 76 1319 ad
99 1289 199 1318 Sacrae
224 1288 391 1324 Scripturae
420 1295 569 1324 praecepta
600 1294 628 1316 et
652 1288 750 1324 leges,
778 1287 804 1315 ei
831 1286 1066 1315 Christianorum
1092 1283 1245 1319 societati,
1265 1284 1314 1311 cui
1341 1282 1480 1319 adscripti
1507 1290 1560 1311 su-

40 1350 128 1376 mus,
149 1340 306 1377 probatas,
327 1340 489 1376 composita
517 1347 545 1369 et
565 1346 676 1370 exacta.

81 1392 216 1422 Muneris
250 1391 330 1419 illius
355 1391 434 1420 Sacri
465 1397 565 1420 auctor
588 1397 631 1419 est
658 1390 745 1428 Jesus
770 1390 930 1426 Christus,
958 1389 1007 1418 cui
1033 1387 1126 1425 ipsam
1148 1387 1330 1424 Religionem
1363 1387 1558 1415 Christianam

43 1451 189 1479 acceptam
217 1441 380 1471 referimus.
430 1441 459 1470 Is
485 1441 624 1478 quidem,
653 1442 721 1470 dum
748 1442 778 1470 in
808 1441 889 1470 hisce
919 1441 1001 1469 terris
1026 1440 1211 1475 versabatur,
1240 1447 1255 1467 e
1281 1438 1473 1467 sectatoribus
1496 1438 1559 1467 suis

47 1495 198 1524 duodecim
226 1493 310 1528 elegit
341 1492 443 1529 viros,
474 1492 583 1528 quibus
610 1492 757 1529 injunxit,
786 1499 839 1528 ut,
868 1498 1025 1528 postquam
1052 1491 1101 1519 ille
1131 1490 1162 1518 in
1189 1490 1321 1526 regiones
1349 1489 1488 1517 coelestes
1517 1496 1560 1515 rc·

47 1554 185 1575 versurus
215 1552 313 1579 esset,
343 1544 501 1573 doctrinam
529 1544 670 1573 divinitus
695 1550 861 1580 acceptam,
892 1543 1001 1578 ubique
1028 1548 1163 1571 terrarum
1188 1541 1242 1570 Dei
1272 1539 1388 1568 nomine
1414 1538 1557 1574 praedica·

48 1604 134 1632 rent,
162 1597 224 1633 ejus
253 1596 373 1624 notitias
401 1603 630 1631 quaquaversum
658 1601 848 1632 propagarent
875 1601 902 1622 et
927 1594 962 1622 ad
984 1593 1058 1622 vitae
1079 1600 1164 1620 usum
1192 1580 1226 1619 et¹
1246 1590 1302 1627 ipsi
1328 1591 1376 1626 pie
1397 1589 1562 1619 adhiberent

42 1654 73 1677 et
95 1647 231 1677 omnibus
255 1647 421 1675 hominibus
444 1646 686 1674 commendarent.

79 1696 146 1727 Viri
172 1697 231 1733 illi,
254 1696 391 1732 Apostoli
416 1696 506 1733 vulgo
530 1697 619 1732 dicti,
640 1705 705 1725 cum
731 1686 861 1724 homines
885 1700 980 1724 essent
1003 1693 1106 1722 inculti
1126 1699 1154 1721 et
1177 1692 1309 1727 indocti,
1331 1692 1488 1728 multisque
1514 1693 1561 1722 sui

41 1751 102 1780 nevi
130 1749 321 1786 opinionibus
346 1748 548 1786 praejudicatis
578 1748 705 1783 imbuti,
726 1746 781 1776 etsi
810 1745 940 1782 quotidie
967 1745 1110 1780 optimum
1140 1743 1315 1780 Magistrum
1342 1744 1490 1773 docentem
1511 1752 1562 1772 au·

47 1803 162 1836 dirent,
185 1800 321 1829 miracula
345 1799 405 1835 ejus
432 1806 601 1834 cernerent,
623 1799 867 1835 perfectissimum
894 1797 957 1834 ejus
987 1796 1104 1825 virtutis
1129 1797 1289 1832 exemplum
1318 1796 1356 1824 ob
1384 1797 1486 1825 oculos
1515 1796 1566 1824 ha.

42 1854 166 1888 herent,
194 1859 222 1879 et
245 1851 274 1879 in
301 1850 428 1878 intimam
458 1851 518 1887 ejus
547 1850 766 1878 familiaritatem
799 1854 894 1877 essent
922 1847 1061 1883 admissi,
1091 1854 1185 1876 tamen
1212 1848 1434 1883 haudquaquam
1467 1847 1564 1875 idonei

46 1911 110 1933 esse
138 1902 329 1936 videbantur,
361 1902 410 1936 qui
444 1902 494 1930 tali
529 1907 667 1937 tantoque
702 1908 817 1929 munere
853 1900 907 1930 rite
941 1898 1151 1936 fungerentur3
1182 1905 1370 1936 posteaquam
1399 1907 1487 1933 vero,
1519 1898 1564 1927 die

53 1954 294 1990 quinquagesimo
331 1959 397 1987 pust
427 1952 495 1989 jesu
531 1953 560 1981 in
593 1953 679 1981 vitam
704 1947 824 1980 reditum
853 1951 1088 1980 extraordinarias
1122 1951 1157 1979 ab
1184 1959 1218 1980 eo
1249 1951 1408 1987 promissas
1435 1949 1562 1986 Spiritus

49 2006 149 2035 Sancti
175 2006 257 2035 dotes
283 2003 474 2040 accepissent,
499 2011 565 2033 mox
593 2004 626 2033 ab
652 2003 730 2033 omni
754 2012 847 2033 errore
869 2004 898 2032 in
922 2003 1056 2033 tradenda
1078 2003 1217 2040 religione
1245 2002 1387 2033 immunes
1415 2007 1444 2030 et
1474 2001 1566 2029 omni-

808 2055 838 2084 A
858 2064 876 2084 2
1033 2063 1036 2066 ’
1526 2057 1565 2078 no
