1946 2517
295 161 334 192 50
651 145 769 187 JANI
809 142 1079 177 RUDOLPHI
1121 151 1193 174 vm<
1232 143 1464 178 MAANEN

299 235 399 268 detur,
423 230 503 268 quod
522 230 640 269 sanguis
658 231 836 263 arteriosus‚
858 228 887 256 in
905 228 967 264 ejus
986 234 1124 255 texturam
1144 229 1321 264 propulsus,
1344 229 1497 265 qualitates
1528 229 1597 259 alias
1627 232 1766 268 accipiat,
1785 235 1809 262 ‘a

300 285 414 320 reliquo
442 283 558 312 aliarum
585 282 707 317 partium
736 287 846 308 venoso
876 277 1017 315 sanguine
1046 277 1172 305 diversas
1199 286 1226 306 et
1259 279 1336 315 quod
1366 282 1526 315 praesertim
1551 281 1802 319 hydrogenisetur.

303 336 379 366 Cum
399 342 490 363 autem
510 333 627 369 sanguis
648 332 687 360 ita
706 337 832 359 mutatus
850 338 900 366 per
930 336 1031 358 venam
1055 336 1201 364 portarum
1227 331 1262 358 ad
1284 331 1370 366 hepar
1393 332 1551 367 deferatur,
1572 334 1682 362 abunde
1708 340 1809 371 patet,

302 385 460 423 principem
477 384 560 412 lienis
580 391 662 411 usum
681 391 745 410 cum
765 382 866 417 hepate
882 382 1010 413 proxime
1027 379 1219 416 conjunctum
1235 389 1318 416 esse,
1337 388 1423 417 atque
1445 385 1613 419 sanguinem
1636 393 1690 419 pro
1715 393 1807 414 secre-

303 437 383 466 tione
406 436 470 463 bilis
495 435 524 463 in
551 435 622 462 liene
642 434 724 470 quasi
748 433 908 470 praeparari
937 433 1029 470 (a),
1058 431 1137 466 quod
1164 439 1230 460 curn
1263 433 1454 467 experimenta
1480 435 1508 463 in
1534 435 1703 464 animalibus
1729 437 1810 466 vivis,

304 493 405 522 capta,
428 492 488 514 tum
516 487 666 513 morbosae
692 485 777 513 lienis
802 485 989 518 affectiones,
1015 481 1230 513 bizim-ationem
1258 486 1325 520 plus
1348 486 1478 514 minusve
1502 487 1673 521 alterantes,
1701 488 1810 516 confir-

307 546 397 568 mant.
443 538 492 567 Sic
508 538 688 574 splenitidcm
716 545 826 567 acutam
852 545 1069 574 nonnumquam
1099 544 1206 565 icterus
1231 538 1456 566 concomitatur.
1498 537 1541 565 Ita
1569 538 1615 568 Cl.
1646 538 1686 567 G.
1706 539 1813 568 Sandi-

298 591 368 628 fort
386 590 614 618 observationem
635 588 703 617 fecit
720 589 754 616 de
772 589 884 618 vomitu
902 596 1022 618 cruento
1048 589 1145 616 lethali
1167 596 1201 616 ex
1224 595 1309 623 rupta
1331 589 1432 617 arteria
1452 588 1561 618 nenati..
1598 589 1645 617 Ex
1665 586 1816 618 cadaveris*

307 641 434 670 sectione
453 641 589 676 patebat,
610 640 710 668 lienem
739 648 801 668 esse
830 649 947 675 parvum
974 647 1001 668 et
1027 639 1144 668 laxioris
1169 637 1312 673 fabricae,
1334 639 1420 674 hepar
1443 640 1631 674 morbosum,
1650 645 1678 667 et
1703 639 1813 675 bilem,

307 692 337 721 in
355 691 466 728 cystide
482 690 563 719 fellea
582 698 746 718 contentam
759 711 769 724 ,
790 699 909 727 paucam
937 697 963 719 et
978 692 1060 727 iusto
1084 690 1238 718 tenuiorem
1260 689 1339 727 (b).
1382 690 1521 718 Praeterea
1542 690 1575 718 in
1600 689 1680 719 foetu
1705 699 1813 727 parvus

305 749 349 771 est
365 744 441 778 lien,
465 742 543 778 quod
561 741 685 778 perfecte
714 743 868 778 respondet
893 742 1018 778 parciori
1040 743 1193 771 secretioni
1220 743 1286 771 bilis
1314 743 1343 771 in
1371 742 1471 777 hepate
1498 741 1604 771 foetus.
1646 742 1679 771 In
1704 743 1816 772 infante

305 802 372 823 vero
392 802 455 822 cutn
479 793 546 822 bilis
564 793 687 822 secretio
709 801 850 830 augetur,
871 801 899 823 et
914 795 1036 823 nutritio
1062 795 1161 830 viget,
1181 793 1264 822 etiam
1295 793 1430 822 increscit
1449 792 1505 821 lien
1525 800 1552 821 et
1580 801 1646 822 cum
1670 794 1721 822 illo
1741 800 1817 823 arte-

306 844 347 873 ria
363 844 495 879 lienalis;
518 852 577 873 non
596 844 634 872 ita
650 853 719 874 vero
735 845 836 874 arteria
851 846 983 882 hepatica
994 867 1005 882 ,
1025 853 1099 882 quae
1115 846 1223 874 tatione
1240 845 1410 874 decrementi
1437 844 1550 880 hepatis
1570 851 1652 874 enam
1675 845 1814 875 diminui-

304 902 352 924 tur
373 896 450 932 (c).

347 948 376 984 §.
399 955 430 983 9.
470 946 586 976 Lienem
610 948 645 976 ad
669 948 884 978 bilificationem
902 950 1007 985 requiri
1023 950 1143 986 insuper
1160 949 1282 986 probant
1302 955 1330 978 et
1347 948 1516 977 confirmant
1534 948 1607 976 mala
1624 956 1657 977 ex
1672 949 1812 985 exstirpa-

309 998 388 1027 tione
404 999 486 1028 lienis
504 1005 575 1028 orta.
618 996 764 1028 Nonnulli
786 1001 921 1036 quidem,
943 1002 986 1029 uti
1007 1002 1064 1038 jam
1087 1003 1313 1035 annotavimus,
1332 1001 1484 1028 voluerunt
1506 1000 1606 1028 lienem
1627 999 1736 1034 absque
1764 1007 1816 1035 pe-

307 1049 400 1078 riculo
416 1049 566 1085 exstirpari
594 1057 703 1084 posse,
724 1056 752 1078 et
776 1052 932 1080 secundum
963 1054 1075 1088 boyer,
1097 1053 1212 1087 saepius
1232 1051 1364 1079 instituta
1389 1050 1472 1078 lienis
1498 1050 1608 1078 excisio
1632 1051 1726 1078 nullas
1745 1058 1813 1085 pro-

307 1100 392 1129 duxit
407 1102 582 1129 mutationes
600 1100 630 1128 in
649 1101 807 1130 secretione
826 1102 894 1131 bilis
916 1102 1006 1140 (d),
1029 1103 1097 1131 dum
1123 1103 1281 1132 secundum
1303 1100 1500 1135 Atetcnrtem,
1522 1100 1631 1136 absque
1654 1101 1758 1129 damno
1781 1100 1813 1130 in

306 1150 475 1179 hominibus
490 1150 545 1178 lien
563 1151 724 1187 exciditur,
745 1153 795 1181 sed
816 1159 876 1181 tum
894 1154 994 1190 majori
1017 1155 1102 1191 copia
1119 1154 1276 1184 secernitur
1295 1152 1438 1189 pinguedo
1459 1154 1542 1189 (c);
1566 1152 1615 1180 sed
1642 1150 1816 1180 Richerand

308 1209 407 1231 contra
423 1202 508 1230 refert
528 1202 612 1231 bilem
631 1208 699 1232 tunc
728 1204 843 1239 quidem
873 1206 973 1242 majori
996 1206 1080 1242 copia
1105 1206 1241 1242 prodire,
1261 1204 1350 1233 simul
1371 1210 1465 1232 autem
1490 1203 1579 1239 magis
1605 1203 1742 1237 fluidam,
1763 1203 1816 1231 mi-

307 1261 363 1282 nus
383 1261 502 1282 amaram
520 1261 580 1282 non
597 1254 650 1282 rite
667 1254 815 1283 subactam
844 1257 957 1285 eandem
979 1258 1094 1288 evadere
1114 1257 1196 1294 (f),
1219 1263 1247 1284 et
1268 1255 1435 1284 Consbrucb
1455 1254 1525 1283 dicit
1548 1253 1736 1289 digestionem
1759 1255 1818 1283 lae·

316 1305 367 1340 di,
388 1305 476 1340 hepar
501 1305 625 1333 indurari
645 1311 672 1333 et
699 1306 880 1342 pinguedinis
903 1309 1020 1344 copiam
1042 1308 1138 1344 augeri
1159 1309 1244 1346 (g).
1284 1306 1446 1335 Secundum
1474 1304 1599 1341 Por-tal,
1618 1305 1675 1334 lien
1698 1305 1818 1341 impune

313 1355 422 1383 extrahi
441 1355 564 1390 nequir,
583 1362 613 1383 et
630 1364 729 1384 omnes
745 1356 962 1387 observationes
982 1360 1016 1387 in.
1040 1361 1217 1388 contrarium
1241 1358 1353 1391 factae,
1375 1357 1409 1384 ab
1437 1357 1495 1385 illo,
1511 1357 1541 1384 in
1567 1356 1685 1384 dubium
1711 1364 1816 1384 vocan-

311 1413 378 1442 tur,
397 1408 464 1436 dum
486 1406 621 1436 Waltlzer
640 1407 724 1434 etiam
743 1407 860 1435 affirmat
873 1429 884 1443 ‚
910 1410 1094 1438 secretionem
1112 1410 1180 1438 bilis
1204 1408 1372 1444 qualitative
1392 1406 1517 1441 mutari,
1537 1413 1564 1434 et
1586 1406 1682 1441 ipsum
1706 1406 1819 1442 hepatis

310 1458 502 1494 parenchyma
522 1457 669 1485 volumine
693 1458 812 1494 augeri,
835 1458 949 1488 obstrui
968 1467 995 1488 et
1015 1461 1140 1490 indurari
1170 1463 1208 1491 ob
1232 1463 1353 1490 deletam
1379 1460 1595 1498 proportionem
1614 1459 1688 1488 inter
1710 1459 1817 1496 hydro·

309 1510 424 1546 genium
443 1516 470 1538 et
494 1509 661 1538 carbonium
683 1510 770 1546 (h).

346 1562 376 1598 §-
399 1569 445 1590 ιο.
484 1560 531 1589 Ex
557 1560 603 1589 his
628 1560 722 1589 allatis
748 1568 827 1589 nunc
853 1561 975 1600 intelligi
999 1564 1094 1600 valet,
1122 1564 1425 1601 hydrogenisationem
1449 1561 1636 1599 probabiliter
1665 1563 1695 1592 in
1719 1563 1812 1599 liene,

1757 1621 1819 1642 car·

334 1692 388 1720 (a)
409 1692 445 1714 cf,
462 1691 570 1720 Halm,
585 1690 672 1714 Hano'b.
689 1691 730 1712 der
745 1694 823 1718 Artzl,
839 1695 920 1717 Klim'k
943 1697 966 1720 Β.
984 1704 1003 1723 ι,
1025 1707 1051 1728 ρ.
1062 1703 1110 1725 339.
1140 1697 1177 1720 Cf.
1195 1696 1305 1722 munke,
1327 1695 1390 1719 Dina
1410 1695 1431 1721 5.
1447 1701 1481 1719 ιο.

336 1735 386 1762 (b)
408 1733 446 1756 Cf.
460 1733 550 1759 Dr'sul,
565 1734 615 1755 ebs,
630 1734 675 1755 An,
691 1734 756 1755 Fath.
774 1741 794 1759 1.
810 1737 871 1758 1818.

334 1774 389 1802 (c)
410 1775 442 1796 Cf
473 1774 574 1798 lf'arttls,
592 1774 653 1800 Phys.
677 1777 694 1798 ,δ’-
710 1781 745 1797 22.
775 1777 812 1798 Cf.
830 1777 966 1798 Amenrieth
977 1794 985 1806 ,
1001 1779 1067 1806 Phys.
1083 1780 1126 1803 Th.
1142 1787 1164 1803 2.
1184 1777 1204 1804 S.
1217 1778 1261 1802 622
1277 1782 1300 1800 et
1314 1777 1366 1801 626.

342 1815 393 1845 (d)
415 1815 453 1838 cf.
469 1814 553 1841 noyer,
568 1814 639 1837 Anae,
655 1816 684 1838 Τ.
698 1823 719 1842 4.
741 1823 764 1842 ρ.
775 1823 802 1842 4.
817 1830 828 1839 .

336 1856 386 1884 (,)
408 1856 448 1877 tf.
463 1855 616 1882 ,astte-riuli,
633 1855 696 1877 Lfbr,
713 1856 759 1879 Cle.
779 1859 823 1881 Th.
839 1865 860 1881 α.
881 1866 904 1886 ρ.
919 1866 955 1887 7⁹-
979 1861 999 1885 f.
1012 1860 1065 1887 636.

336 1896 382 1923 (f)
406 1897 441 1918 Cf,
465 1896 609 1922 Richerand,
632 1897 667 1919 ΙΞΙ.
685 1897 706 1918 d.
722 1898 785 1923 Pllyr.
803 1900 827 1921 T,
843 1905 862 1922 ι,
884 1907 906 1927 p.
925 1907 976 1929 2¹4·

335 1937 392 1966 (g)
408 1939 444 1960 (f,
459 1938 485 1958 (Τι
505 1937 599 1963 shrmh,
614 1937 677 1963 Phyr.
695 1939 812 1961 Tankeub.
831 1948 853 1967 ρ,
869 1941 918 1963 138.

333 1977 386 2005 (li)
407 1976 445 2000 Cf.
460 1977 574 2004 Waltlnr,
589 1977 653 2004 Phys.
669 1980 695 2002 B.
708 1985 727 2002 ι.
748 1987 772 2008 Ρ.
789 1983 838 2004 226.
860 1981 880 2006 S·
894 1987 931 2008 92.

1900 2396 1928 2517 'PR-'³2‘
1912 2361 1923 2379 *-
