1946 2517
326 113 641 148 COMMENTATIO
662 124 706 148 AD
725 115 1028 156 QUAESTIONEM
1047 116 1389 153 PHILOSOPH'ICAM.
1571 133 1607 162 :31

103 195 105 198 ⁴
140 217 159 234 „
177 198 258 227 Falsa
281 205 324 226 est
348 199 402 227 ista
423 199 728 236 (Peripateticorum)
750 199 930 228 mediocritas
955 207 982 228 et
1001 200 1133 236 inutilis,
1157 202 1314 237 eodemque
1348 202 1416 232 loco
1452 204 1604 242 habenda,

100 249 181 285 quasi
202 249 267 285 quis
285 250 410 284 diceret,
434 251 544 278 modice
564 250 785 284 insaniendum,
808 250 918 278 modice
942 253 1161 288 aegrotandum.
1203 253 1276 281 Nam
1301 261 1360 282 non
1382 254 1602 286 diminutionem

98 302 235 329 malorum
266 298 471 337 (qualia‘sine
503 302 592 330 dubio
618 307 685 329 sunt
715 300 877 336 desperatio
903 308 930 329 et
953 304 1097 341 insania)
1124 303 1153 332 in
1180 302 1257 331 bono
1286 304 1349 332 viro
1373 304 1523 342 intelligo,
1553 308 1604 336 sed

95 352 293 387 vacationem3
317 353 395 380 nulla
418 352 520 380 debent
544 360 628 386 esse,
652 359 711 379 non
737 359 832 386 parva.
846 349 866 363 '³
905 351 974 388 Jure
993 354 1080 389 igitur
1103 354 1208 383 Cicero
1229 353 1331 384 ibidem
1354 355 1482 392 similes,
1503 358 1604 393 quales

93 405 199 434 Seneca
227 405 350 433 rationes
374 412 471 433 contra
497 404 700 439 Peripateticos
723 403 815 432 affert,
857 404 914 432 Sed
938 412 1037 432 vereor
1057 413 1092 433 ne
1116 404 1211 433 omnia
1236 405 1289 433 ista
1317 414 1482 443 argumenta
1501 415 1601 443 super-

94 463 217 484 vacanea
245 457 302 484 sint
328 455 473 490 habenda,
502 455 678 490 simulatque
700 455 770 483 illud
790 461 940 489 tenemus,
961 455 1104 484 Zenonem
1127 456 1184 484 sub
1209 457 1455 492 perturbationum
1483 459 1601 487 nomine

94 506 233 535 insaniam
256 506 429 534 intellexisse
456 505 652 541 insaniamque
673 505 883 541 exstirpandam
911 506 1051 535 voluisse.
1101 507 1140 535 Et
1164 506 1266 535 Cicero
1291 500 1457 537 Stoicorum
1484 516 1601 538 senten·

91 558 147 587 tiae
173 557 367 586 defensionem
397 557 452 593 jam
482 556 643 586 absolverat
673 557 752 584 hisce
776 557 871 585 verbis
898 556 982 586 initio
1013 565 1040 585 c.
1061 565 1108 593 24.
1131 555 1169 586 L.
1188 559 1243 587 IV.
1292 577 1318 593 „
1334 558 1497 588 Secundum
1522 560 1602 589 Peri.

88 609 279 645 pateticorum
306 606 475 635 sententiam
504 607 631 636 dicamus
655 607 743 644 igitur
761 608 861 636 utilem
884 607 1076 637 insaniam?'’
1103 607 1342 645 Quotiescunque
1365 609 1457 646 igitur
1481 618 1597 640 natura-

85 659 149 694 les,
180 658 316 687 moderati
340 664 369 686 et
392 658 495 686 rationi
527 659 710 686 consentanei
736 657 855 687 affectus
883 659 913 687 in
945 658 1041 687 animo
1068 659 1194 694 adsunt,
1221 660 1262 688 nil
1289 660 1318 688 in
1344 660 1472 691 Zenonis
1504 662 1597 693 Scho-

83 709 128 740 lae
152 710 186 738 de
209 709 475 747 perturbationibus
498 709 682 744 dogmatibus
708 710 874 744 invenitur,
894 710 974 745 quod
994 711 1065 738 illos
1089 710 1208 739 affectus
1234 711 1396 746 prohibeat.

123 761 215 796 quue
237 767 270 788 eo
294 761 389 788 minus
415 768 474 795 quo
499 760 579 788 Zeno
605 760 743 795 quosdam
767 767 865 788 motus
890 760 1012 796 sapienti
1033 769 1089 789 suo
1112 762 1253 797 indulget.

121 812 237 841 Etenim
254 818 409 848 postquam
429 811 495 839 huic
514 813 650 842 &mostata
671 811 713 846 (i.
731 819 754 840 e.
777 811 906 839 insaniae
921 811 1100 846 absentiam,
1133 813 1327 849 vacuitatem)
1349 813 1516 849 praecepit,
1536 819 1596 843 sta.

84 862 136 892 tim
161 863 229 892 haec
257 868 440 898 sequuntur:
469 863 579 892 Στωϊκοὶ
603 863 675 900 φασὶ
701 861 768 891 εἶναι
793 862 821 891 δὲ
847 862 892 891 και)
917 862 1004 893 ἄλλον
1028 864 1144 897 ἀπαθῆ,
1172 865 1217 893 τὸν
1241 866 1370 901 φκῦλον·
1391 865 1417 893 ἔν
1437 865 1486 901 ἴσῳ
1507 866 1594 900 λεγό-

84 926 163 952 μενον
183 916 220 952 τῷ
241 917 344 951 σκληρῷ
365 915 409 944 καὶ
431 915 567 951 ἀτρέπτῳ.
610 914 719 942 Dicunt
745 913 839 942 Stoici
856 920 884 942 et
904 913 990 941 alium
1011 915 1102 947 ἀπαθῆ
1122 913 1245 942 stultum
1267 914 1409 942 hominem
1425 915 1489 943 scil.
1514 915 1594 950 quod

85 966 163 996 valet
190 974 222 994 ac
255 965 279 993 si
305 965 383 994 dicas
414 965 516 992 durum
543 970 571 993 et
594 964 780 993 immobilem.
829 965 868 993 Et
895 972 990 992 revera
1020 965 1045 992 si
1071 965 1176 993 rationi
1205 971 1234 993 et
1265 972 1383 994 naturae
1410 967 1593 996 adversantes

79 1023 178 1047 motus
203 1016 304 1052 tollit,
334 1016 415 1044 Zeno
436 1016 577 1051 quosdam
603 1021 695 1044 tamen
721 1022 819 1044 motus
841 1015 964 1050 sapienti
991 1024 1047 1044 suo
1072 1023 1173 1052 negare
1198 1024 1256 1045 non
1281 1016 1368 1045 ausit.

118 1067 287 1096 Notandum
321 1067 380 1103 (ut
405 1065 502 1094 verbis
532 1072 596 1094 utar
621 1065 756 1094 Bruckeri
781 1067 812 1095 in
836 1066 916 1097 Hist.
939 1066 1016 1095 Crit.
1039 1067 1114 1096 Phil.
1134 1067 1159 1097 I.
1192 1077 1226 1104 p.
1243 1070 1312 1104 955.
1339 1069 1384 1099 ed.
1407 1069 1504 1107 1767)
1533 1069 1588 1100 tria

82 1119 112 1149 in
132 1117 400 1155 perturbationibus
422 1124 565 1145 momenta
583 1117 751 1145 distinxisse
769 1117 906 1152 Stoicos,
927 1117 1051 1153 primum
1078 1117 1165 1147 animi
1185 1119 1258 1148 visis
1285 1120 1509 1150 commotionem
1525 1119 1585 1149 for-

77 1170 154 1200 tuito
178 1169 302 1204 factam,
325 1169 543 1197 consensionem
568 1168 748 1203 voluntatis,
769 1175 856 1205 atque
878 1169 1029 1205 impetum.

112 1221 219 1251 Seneca
243 1220 277 1249 de
295 1220 337 1248 Ira
353 1219 389 1249 ΙΙ,
409 1227 447 1256 3,
469 1220 543 1248 clare
565 1224 662 1247 monet
683 1218 755 1247 nihil
779 1227 812 1248 ex
839 1220 886 1248 his
911 1229 983 1256 quae
1004 1221 1129 1250 animum
1150 1220 1272 1251 fortuito
1289 1222 1440 1258 impellunt
1462 1222 1587 1252 affectus

78 1273 195 1304 nomine
221 1271 319 1301 vocari
348 1270 466 1306 debere,
487 1270 543 1298 ista
568 1269 640 1298 enirn
657 1271 726 1307 pati
750 1270 839 1306 magis
867 1271 992 1300 animum
1013 1281 1096 1308 quam
1121 1272 1233 1309 facere3
1264 1274 1314 1302 sed
1337 1273 1462 1303 affectus
1484 1274 1585 1303 adesse

75 1331 136 1353 non
167 1331 257 1359 quum
292 1322 326 1350 ad
349 1322 474 1350 oblatam
502 1329 593 1349 rerum
626 1321 749 1357 speciem
781 1329 951 1358 movemur,
976 1324 1024 1351 sed
1051 1332 1116 1352 cum
1146 1324 1339 1359 permittimus
1371 1332 1426 1353 nos
1451 1324 1530 1359 illis,
1556 1329 1584 1353 et

77 1373 155 1403 hunc
177 1372 330 1402 fortuitum
358 1377 469 1400 motum
500 1371 657 1408 sequimur.
707 1371 772 1402 Hoc
805 1372 966 1408 probabant
994 1380 1022 1402 et
1047 1373 1251 1404 inculcabant:
1281 1374 1418 1410 impetum
1445 1374 1496 1410 qui
1521 1374 1583 1403 sine

75 1432 195 1454 assensu
215 1424 318 1452 mentis
338 1431 402 1452 esse
426 1422 547 1458 nequit,
571 1421 807 1458 supprimendum
832 1429 921 1453 esses
946 1425 992 1454 Ex
1015 1426 1121 1461 quibus
1140 1431 1217 1462 patet
1238 1425 1354 1454 Stoicos
1374 1426 1508 1458 ἀπαθεΙας
1527 1432 1582 1460 pa-

72 1481 176 1505 tronos
197 1475 232 1503 ab
257 1475 293 1503 iis
317 1474 367 1510 qui
391 1475 584 1511 μετροπαθείας
607 1476 842 1505 commendarunt
870 1484 930 1505 non
951 1476 1034 1504 valde
1061 1475 1216 1511 dissidere,
1237 1476 1304 1504 licet
1326 1475 1582 1511 Peripateticorum

77 1526 198 1556 affectus
223 1526 338 1554 alterius
369 1526 479 1562 generis
505 1526 563 1554 sint
587 1533 673 1561 quam
701 1519 875 1557 Stoicorum.
916 1526 991 1555 Nam
1022 1526 1156 1555 moderati
1185 1526 1435 1562 Peripateticorum
1459 1526 1583 1556 affectus

73 1585 134 1608 non
158 1584 236 1606 erant
262 1576 398 1607 moderati
424 1576 556 1611 furores,
582 1576 631 1605 sed
653 1583 750 1605 motus
780 1577 977 1613 intelligebant
994 1577 1098 1605 rationi
1119 1583 1294 1612 naturaeque
1318 1584 1539 1606 consentaneos-

112 1628 240 1657 Zenonis
267 1628 401 1656 Scholam
425 1627 596 1662 quibusdam
615 1627 755 1656 motibus
770 1636 882 1664 parcere
904 1629 987 1657 docet
1010 1627 1133 1663 Lipsius
1155 1629 1184 1657 in
1208 1628 1381 1657 Manuduct.
1408 1629 1442 1657 ad
1461 1628 1582 1657 stoicoae

73 1687 136 1709 turn
153 1678 225 1708 Phil.
238 1677 291 1707 111.
314 1677 385 1706 diss.
398 1676 475 1706 vu:
501 1685 619 1712 „carere
633 1676 782 1707 affectibus
803 1679 958 1715 sapientem
977 1679 1102 1708 diximus
1114 1699 1124 1713 ‚
1145 1679 1197 1708 sedv
1215 1687 1276 1715 quo
1292 1679 1400 1709 sensu?
1422 1679 1490 1708 Non
1507 1680 1579 1715 illo,

73 1739 134 1769 quo
161 1730 268 1766 vulgus
293 1728 406 1758 exaudit
435 1735 462 1757 et
495 1728 637 1765 exagitat,
670 1736 701 1757 ut
733 1731 847 1766 sapiens
882 1730 977 1759 nullas
1005 1730 1199 1759 vellicationes
1218 1736 1283 1759 faut
1315 1738 1428 1759 morsus
1464 1730 1574 1759 habeat.

73 1781 135 1812 Nec
158 1783 215 1812 hoc
243 1782 330 1818 dico,
356 1790 415 1812 non
435 1780 522 1810 sentit
546 1780 727 1810 incommoda
751 1781 800 1809 sed
820 1781 910 1811 vincit
933 1781 1016 1820 (1).
1055 1780 1137 1811 Alibi
1158 1780 1266 1811 Seneca
1287 1780 1318 1810 in
1336 1780 1395 1817 Ep.
1410 1788 1443 1816 71
1475 1798 1501 1816 ,2
1515 1785 1580 1807 nont

1512 1829 1585 1859 edu-

108 1920 171 1956 (ι)
189 1922 284 1949 Seneca
295 1938 305 1952 ‚
323 1920 355 1947 de
373 1921 532 1948 Providentia
558 1920 591 1946 C.
607 1919 643 1947 11.
662 1919 694 1947 Τ.
710 1919 741 1947 1.
758 1927 786 1954 p.
801 1927 863 1948 ως.
