1946 2517
360 172 396 203 28
675 177 795 207 ·'H.
871 177 905 206 P.
982 183 1051 206 DE
1128 174 1489 207 KANTER

365 265 508 289 sacrorum
536 262 677 291 antistites
704 261 787 290 facile
813 264 952 297 apparet,
983 258 1021 285 ita
1043 263 1070 286 et
1095 265 1168 285 suus
1193 258 1300 293 cuique
1324 258 1490 295 assignatus
1517 264 1561 288 est
1584 266 1706 296 coetus,
1727 260 1774 290 cui
1801 261 1866 291 sin-

364 310 471 346 gularis
497 312 654 341 adhibenda
681 312 718 340 sit
746 320 826 340 cura.
868 309 943 339 Petri
975 309 1030 336 huc
1056 308 1278 336 admonitionem
1308 315 1436 343 spectare
1460 317 1576 344 putem,
1607 312 1758 346 ποιμάνατε
1781 313 1812 341 τὸ
1836 312 1865 341 ἐν

369 362 432 397 ὑμῖν
451 364 570 399 ποίμνιον
592 367 638 393 τοῦ
659 364 715 392 θεοῦ
729 383 739 397 ,
761 367 921 398 „vestrum
940 359 1048 395 pascite
1065 358 1215 394 gregtin.”
1253 359 1405 387 Postulant
1426 360 1498 387 enim
1524 360 1632 388 ordinis
1655 368 1777 390 rationes
1794 362 1867 391 hanc

370 412 481 448 legem,
506 420 537 441 ut
563 414 683 442 idoneus
708 414 741 441 ad
769 419 868 441 omnes
890 409 1013 438 muneris
1038 416 1131 444 partes
1156 409 1307 444 explendas
1334 409 1407 437 adsit
1423 417 1572 439 numerus.
1614 411 1756 441 Nimirum
1771 414 1868 442 omnia

369 463 425 491 huc
448 463 616 499 pertinentia
640 463 730 492 officia
760 462 871 490 maximi
895 467 964 489 sunt
990 460 1147 495 momenti,
1176 466 1204 487 et
1231 460 1348 488 omnino
1377 469 1410 489 eo
1439 468 1589 497 spectant,
1623 468 1655 490 ut
1683 463 1812 491 homines
1833 464 1869 492 ad

369 515 599 550 gravissimarum
627 523 718 543 rerum
742 513 873 542 notitiam
904 512 1060 548 perducant
1089 519 1116 539 et
1141 511 1193 538 hac
1222 511 1266 538 via
1291 519 1371 539 verae
1397 512 1540 540 beatitatis
1562 513 1716 548 participes
1740 514 1867 543 reddant.

368 564 447 602 Quid
469 574 537 594 vero
566 566 671 594 efficere
695 570 794 600 posset
823 563 953 605 minister
976 570 1073 596 sacer,
1103 561 1127 589 si
1153 561 1297 589 Ecclesiae
1321 551 1503 591 Christianae
1529 569 1638 591 tanturn
1658 563 1686 592 in
1704 564 1869 593 universum

369 615 579 644 inserviendum
604 616 703 645 esset?
733 615 862 643 Multum
887 615 949 643 sine
972 613 1061 641 dublo
1084 612 1246 640 detrimenti
1273 611 1316 640 sic
1344 620 1462 648 captura
1487 620 1565 642 esset
1587 614 1710 643 societas
1730 615 1872 644 Christia-

368 674 423 702 na,
445 674 472 695 et
496 668 543 696 vix
569 668 705 703 cuiquam
726 667 771 695 vel
799 665 920 693 maxime
942 664 1076 700 religiosa
1101 663 1173 690 sacri
1202 663 1327 691 muneris
1354 664 1563 693 administratio
1589 665 1740 700 profutura
1761 674 1851 696 esset.

410 718 515 753 Neque
544 726 636 746 tamen
667 717 753 745 nimis
783 716 864 744 anxie
891 714 1003 750 phrasis
1030 715 1079 741 illa
1109 716 1139 743 τὸ
1169 715 1196 742 ἐν
1222 715 1287 748 ὑμῖν
1320 715 1437 748 ποίμνιον
1464 718 1511 744 τοῦ
1545 717 1603 745 θεοῦ
1633 717 1781 751 premenda
1806 724 1872 754 est,

372 770 454 804 quasi
480 769 563 796 xerbi
591 768 689 797 Divini
709 768 842 796 ministro
865 774 923 794 non
940 766 1049 792 licitum
1075 772 1172 799 esset,
1196 765 1256 792 sive
1273 764 1355 792 editis
1373 765 1490 799 scriptis
1505 786 1516 800 ‚
1538 767 1596 794 sive
1619 767 1676 795 alio
1694 775 1873 803 quocunque

367 821 455 848 modo
477 820 593 848 aliorum
618 820 654 848 ad
678 825 792 847 coetum
820 825 903 845 suum
928 824 986 845 non
1012 816 1212 851 pertinentium
1246 815 1329 842 rebus
1360 816 1511 843 consulere
1540 823 1626 852 atque
1653 816 1808 854 inservire,
1828 819 1875 847 vel

368 871 443 898 alius
467 878 584 905 quoque
609 876 710 898 coetus
737 877 820 897 curas
847 868 1009 904 pastorales
1035 866 1064 894 in
1088 874 1118 894 se
1143 865 1308 901 suscipere,
1336 867 1420 902 cujus
1445 875 1528 896 nemo
1554 875 1651 896 curam
1681 868 1781 897 habere
1806 878 1876 905 pos·

370 921 419 950 sit.
469 921 557 958 Quod
590 921 736 957 quomodo
770 928 878 956 quaeso
906 919 1004 947 Petrus
1040 918 1094 946 hoc
1122 917 1188 945 loco
1221 917 1400 952 praecepisse
1428 918 1587 946 censendus
1617 918 1683 948 sit?
1718 919 1879 949 Enimvero

372 972 429 1001 hoc
453 979 562 1001 tantum
600 973 757 1008 spectavit,
787 971 945 1005 unicuique
972 968 1116 998 Ecclesiae
1145 968 1277 996 ministro
1304 968 1475 1004 singularem
1503 969 1643 1004 quandam
1672 971 1727 999 laxe
1753 972 1876 1007 patentis

371 1023 526 1052 societatis
557 1024 738 1053 Christianae
760 1030 867 1058 partem
891 1030 953 1050 esse
976 1021 1191 1054 demandatam,
1213 1019 1297 1053 cuius
1317 1019 1440 1047 rationes
1460 1020 1623 1055 negligere,
1650 1021 1768 1050 omnino
1790 1022 1877 1050 illici.

373 1080 434 1103 tum
465 1081 552 1104 esset.
604 1075 691 1112 Quod
721 1082 804 1109 quam
838 1074 958 1108 sapienti
991 1071 1117 1099 consilio
1152 1070 1343 1097 constitutum
1374 1070 1430 1104 sit,
1457 1078 1545 1105 supra
1572 1070 1707 1100 vidimus.
1753 1071 1879 1100 Nullum

369 1133 437 1154 vero
462 1131 505 1153 est
531 1125 671 1160 dubium,
696 1125 766 1160 quin
797 1130 979 1161 summopere
1006 1121 1164 1149 laudandus
1191 1120 1228 1148 sit
1254 1120 1302 1147 ille
1328 1119 1458 1147 minister
1486 1128 1584 1155 sacer,
1606 1122 1656 1155 qui
1681 1120 1728 1149 hic
1749 1129 1808 1150 non
1831 1130 1880 1150 so·

372 1177 430 1204 lum
461 1176 598 1204 adhibitis
627 1175 724 1210 curis,
755 1176 804 1203 sed
823 1173 982 1211 pluribus,
1012 1172 1108 1208 quoad
1131 1171 1193 1208 ejus
1223 1170 1283 1199 fieri
1303 1170 1418 1206 possit,
1440 1170 1641 1206 inserviendo,
1670 1172 1705 1199 de
1728 1180 1757 1199 re
1776 1171 1882 1202 Chris.

371 1228 447 1256 tiana
468 1227 538 1255 bene
564 1227 662 1255 mereri
683 1234 815 1255 conetur.

409 1278 550 1313 Singulos
579 1286 646 1307 vero
678 1286 792 1306 munere
821 1287 875 1306 suo
913 1277 965 1305 rite
994 1276 1147 1312 fungentes
1176 1282 1260 1309 quam
1287 1274 1398 1310 insigne
1426 1280 1536 1302 maneat
1566 1275 1672 1303 laboris
1700 1275 1878 1311 praemium,

375 1329 517 1364 docetur,
547 1338 575 1357 c.
593 1339 623 1366 4.
664 1329 746 1357 Fient
770 1329 842 1357 enim
869 1328 1022 1364 participes
1055 1328 1133 1356 illius
1161 1325 1309 1354 felicitatis
1336 1325 1488 1359 coelestis,
1520 1333 1575 1360 qua
1613 1325 1717 1354 fruitur
1748 1326 1810 1361 ipse
1833 1329 1883 1364 ἀρ.

372 1382 520 1416 χιποίμην,
537 1381 620 1416 jesus
649 1380 799 1409 Christus.
844 1380 938 1416 Hujus
961 1387 1027 1408 vero
1051 1379 1109 1406 loci
1134 1386 1191 1406 nou
1217 1382 1282 1411 est,
1303 1375 1380 1404 varia
1409 1376 1509 1403 Sacrae
1540 1376 1705 1410 scripturae
1728 1385 1881 1413 congerere

373 1431 458 1464 bea,
486 1431 514 1458 in
536 1431 643 1465 quibus
670 1431 703 1458 de
729 1431 779 1458 illo
805 1430 952 1458 felicitatis
985 1430 1109 1458 culmine
1137 1436 1232 1457 sermo
1257 1434 1327 1461 est,
1359 1434 1496 1460 canique,
1525 1426 1568 1454 his
1596 1426 1668 1453 inter
1692 1432 1722 1453 se
1747 1427 1890 1463 collatis,

372 1489 501 1509 accurate
525 1481 640 1510 definire
663 1488 689 1509 et
728 1489 778 1517 per
807 1481 936 1517 singulas
967 1489 1062 1517 partes
1094 1487 1246 1515 exponere.
1298 1477 1394 1505 Verbo
1425 1484 1536 1505 tantum
1572 1484 1744 1512 monemus,
1775 1477 1884 1508 nullam

372 1531 457 1561 nobis
481 1533 579 1561 adesse
607 1532 695 1560 videri
722 1541 855 1567 causam,
886 1540 971 1567 quare
1000 1538 1184 1565 statuamus,
1214 1529 1354 1557 diversam
1380 1527 1441 1555 fore
1465 1527 1610 1555 felicitatis
1636 1527 1714 1555 illius
1742 1528 1882 1557 rationem

373 1583 408 1611 ab
437 1592 466 1611 ea
479 1604 490 1619 ,
521 1585 605 1621 cuius
628 1584 736 1619 singuli
757 1583 915 1611 Christiani
933 1583 1086 1618 participes
1103 1582 1193 1609 futuri
1209 1581 1281 1608 sint.
1321 1578 1390 1606 Non
1415 1585 1492 1605 certe
1509 1580 1641 1614 majorem
1660 1577 1807 1606 felicitatis
1824 1587 1887 1615 gra-

375 1634 441 1662 dum
465 1635 499 1662 ab
522 1634 556 1662 iis
582 1635 645 1670 jure
673 1634 832 1669 exspectari
864 1641 973 1669 posse,
1002 1632 1072 1660 mihi
1099 1638 1264 1667 persuasum
1299 1635 1354 1658 est.
1394 1629 1476 1656 Licet
1509 1629 1582 1656 enirn
1612 1629 1777 1663 gravissima
1800 1636 1887 1664 atque

374 1683 537 1712 difficillima
568 1685 658 1713 officia
681 1685 716 1713 iis
745 1686 873 1720 injuncta
897 1686 976 1719 sint,
1007 1683 1115 1719 quibus
1140 1689 1222 1709 nemo
1246 1680 1319 1708 alius
1354 1686 1501 1713 teneatur,
1531 1684 1624 1706 tamen
1651 1678 1798 1707 fatendum
1822 1686 1887 1715 est,

374 1735 527 1770 ptculiaria
552 1735 674 1771 singulis
699 1735 882 1765 Christianis>
907 1734 1022 1769 propria
1054 1741 1117 1762 esse
1143 1733 1256 1766 officia,
1286 1731 1361 1759 varia
1386 1731 1434 1759 illa
1459 1731 1573 1766 quidem
1601 1738 1654 1765 pro
1682 1731 1759 1759 vario
1789 1731 1890 1768 singu-

375 1787 468 1814 lorum
496 1787 568 1814 vitae
595 1795 694 1823 genere
717 1793 743 1814 et
771 1786 883 1813 diversa
927 1785 1106 1812 conditione.
1148 1784 1290 1811 Praeterea
1315 1790 1397 1810 nemo
1420 1781 1454 1808 ad
1486 1788 1590 1808 munus
1614 1788 1726 1808 sacrum
1752 1781 1891 1828 adhiben-

377 1837 444 1865 dum
468 1837 496 1865 vi
519 1837 635 1873 cogitur
666 1845 691 1865 et
727 1837 906 1872 impellitur,
933 1836 981 1863 sed
1007 1835 1109 1870 pendet
1143 1835 1229 1871 liujus
1255 1834 1380 1862 muneris
1409 1832 1579 1861 desiderium
1612 1840 1731 1866 prensus
1758 1841 1772 1860 a
1799 1833 1889 1864 libero

375 1888 517 1924 cujusque
545 1888 664 1916 arbitrio
691 1895 780 1923 atque
806 1887 972 1920 voluntate,
993 1886 1031 1914 ita
1054 1892 1085 1913 ut
1109 1893 1193 1913 nemo
1219 1892 1318 1914 contra
1336 1885 1423 1913 animi
1447 1883 1613 1911 sententiam
1642 1883 1666 1910 ei
1692 1884 1885 1915 admoveatur.

377 1937 530 1972 Denique,
555 1938 659 1974 (quod
678 1938 760 1966 etiam
788 1937 816 1964 in
846 1938 923 1964 omni
948 1937 1023 1964 vitae
1049 1944 1148 1972 genere
1172 1936 1329 1972 obtinet),
1360 1934 1446 1963 variis
1479 1935 1592 1969 quidem
1619 1934 1694 1962 vitae
1727 1937 1886 1966 commodis

375 1995 462 2024 atque
487 1988 686 2018 emolumentis
718 1986 877 2016 destitutus
906 1993 950 2015 est
973 1988 1102 2016 minister
1129 1994 1228 2022 sacer,
1260 1987 1367 2022 quibus
1383 1986 1442 2015 frui
1467 1986 1533 2015 licet
1556 1986 1639 2022 alils;
1672 1987 1721 2016 scd
1745 1988 1780 2016 ab
1797 1990 1886 2018 altera

1810 2048 1890 2076 ,928-
