1946 2517
429 142 744 175 COMMENTATIO
766 151 799 172 rN
820 143 1121 182 QUAESTIONEM
1143 146 1352 179 MEDtcAM.
1624 163 1659 190 37

139 228 296 258 Pulmones
315 232 411 256 autem
433 236 544 256 omnem
569 227 737 264 sanguinem
757 236 772 256 a
790 228 876 256 corde
900 229 981 265 prius
999 237 1170 267 acceptum,
1191 230 1227 259 ab
1252 233 1351 260 arteria
1377 234 1534 268 pulmonali
1556 237 1658 273 acqui-

141 287 229 314 runt,
250 287 309 309 non
329 279 503 314 nutritioni‚
524 280 594 315 sed,
616 287 682 307 curn
706 278 888 314 respirationi
906 281 1053 317 dicatum,
1075 289 1134 311 tum
1153 282 1236 311 etiam
1262 283 1330 312 huic
1358 284 1407 312 fini
1432 285 1651 323 inservientem,

140 339 171 359 ut
194 339 243 367 per
271 339 356 360 venas
380 332 560 367 pulmonales
588 332 689 359 iterum
718 330 753 358 acl
781 337 832 358 cor
856 331 959 360 redeat.
1000 332 1174 369 Sanguinem
1199 343 1267 363 vero
1294 336 1448 364 nutritioni
1472 337 1646 368 destinatum

140 383 250 418 quique
267 383 308 410 nil
325 382 392 411 iacit
412 383 446 410 ad
466 382 678 418 respirationem
690 402 700 416 ,
721 381 854 409 adferunt
873 382 989 410 arteriae
1004 383 1183 413 bronchiales
1198 405 1209 420 ‚
1231 392 1258 413 et
1279 386 1388 414 reducit
1411 395 1478 415 vena
1495 396 1564 416 cava
1582 391 1646 426 (a).

177 434 207 468 §.
234 433 279 461 16.
321 432 352 461 Si
373 441 448 462 nunc
462 433 629 469 analogice,
650 441 683 460 ex
700 432 867 468 duplicibus
890 433 946 468 jam
972 433 1051 461 hisce
1074 434 1172 470 vasis,
1194 444 1243 471 per
1262 445 1349 465 unum
1374 438 1508 473 idemque
1525 439 1648 476 viscus,

139 492 254 519 nemper
275 492 322 519 per
338 484 504 520 pulmonem
523 484 690 512 distributis
709 490 735 512 et
757 484 844 511 simul
864 492 896 512 ex
916 484 990 512 varia
1011 486 1163 521 utriusque
1189 489 1311 517 utilitate
1336 495 1362 517 et
1387 491 1556 519 necessitate
1578 500 1648 520 con-

139 535 289 562 cludamus
311 536 344 563 ad
369 535 519 562 utilitatem
547 542 574 563 et
599 535 797 564 necessitatem
827 535 950 563 duorum
977 543 1135 572 vasorum,
1167 539 1333 574 sangninem
1361 541 1395 568 ad
1423 542 1501 570 aliud
1525 542 1647 578 viscus,

138 593 241 621 nempe
265 587 300 614 ad
324 585 410 621 hepar
428 586 596 614 ducentium
610 607 620 622 ,
643 595 702 615 non
721 587 862 614 absonum
882 587 996 615 videtur
1011 589 1202 625 concludere,
1225 590 1341 619 alterurn
1359 592 1470 628 hepatis
1494 595 1649 623 nutritioni

141 644 252 673 tantum
265 658 275 673 ‚
297 638 415 666 alterum
432 638 557 674 ejusdem
574 638 693 680 visceris
713 637 880 674 functioni,
902 638 1083 668 bilificationi
1101 640 1234 669 nimirum
1249 663 1258 677 ,
1281 643 1409 678 proxime
1429 644 1583 679 inservire3
1607 651 1648 673 at-

139 696 196 724 que
213 696 313 725 graves
337 695 406 717 sunt
433 690 579 725 rationes,
607 697 660 717 cur
685 689 774 718 eidem
799 689 945 718 functioni
971 687 1137 727 sanguinem
1161 701 1244 728 quam
1271 703 1341 723 vena
1365 702 1512 730 portarum
1536 695 1648 732 adfert,

140 741 314 770 destinatum
333 742 502 776 credamus,
526 750 582 776 qua
599 749 736 777 propter,
759 741 808 776 qui
823 749 875 777 per
891 741 1051 777 hepaticam
1077 744 1205 772 arteriam
1234 745 1360 774 adfertur
1385 747 1525 783 sanguis,
1558 747 1649 775 nutri-

142 792 217 821 tioni
235 792 347 828 hepatis
364 792 551 828 potissimum
569 792 706 822 inservire
719 792 788 828 plus
806 800 888 827 quam
913 795 1076 822 veros1mile
1093 796 1177 823 nobis
1194 796 1320 825 videtur.

177 843 208 879 S.
234 851 280 879 17.
321 842 409 881 Quod
424 851 515 872 autem
534 845 568 872 ad
586 845 705 872 alterum
718 865 729 880 ,
751 851 838 878 supra
864 851 1046 873 memoratum
1066 854 1264 882 argumentum
1283 848 1404 884 attinet,
1425 850 1459 878 ad
1478 850 1648 887 injectiones

139 893 248 922 scilicet
276 902 333 929 per·
345 895 476 923 arteriam
505 895 662 931 hepaticam
677 917 686 930 ‚
713 895 833 923 dubium
857 896 950 924 adhuc
973 903 1037 932 est,
1060 905 1127 926 num
1152 899 1228 928 dicta
1254 900 1341 929 modo
1366 901 1411 929 via
1436 901 1473 929 sit
1489 901 1649 937 naturalis,

138 951 207 972 num
226 945 328 980 potius
347 954 398 981 per
419 947 477 974 vim
497 946 669 981 siphunculi
693 945 769 973 facta
788 945 844 980 sit3
866 945 933 973 dum
952 954 1113 983 praeterea,
1143 957 1194 984 per
1213 958 1311 979 venam
1329 957 1476 986 portarum
1494 952 1596 989 injecta
1611 952 1651 980 si·

138 995 216 1024 milis
235 996 349 1024 materia
375 996 472 1024 itidem
499 1002 628 1031 penetrat
646 996 675 1024 in
693 996 833 1024 ductuum
862 996 1040 1026 biliariorurn
1067 1000 1228 1038 radiculas,
1259 1003 1300 1031 sic
1325 1010 1356 1031 ut
1376 1003 1450 1032 nihil
1473 1004 1573 1032 exinde
1597 1012 1649 1041 pro

140 1047 301 1075 secretione
319 1046 390 1074 bilis
407 1055 422 1074 e
439 1047 578 1083 sanguine
593 1047 709 1075 arteriae
725 1047 871 1082 hepaticae
883 1048 1019 1077 concludi
1037 1052 1143 1085 possit.

176 1098 207 1133 §.
232 1099 276 1127 18.
317 1096 423 1133 Neque
437 1098 527 1134 magis
543 1097 618 1126 valet
633 1099 734 1134 opinio
751 1105 848 1126 eorum
860 1117 870 1134 ,
894 1098 946 1134 qui
973 1102 1102 1131 arteriam
1124 1103 1280 1140 hepaticam
1299 1106 1432 1143 majorem
1448 1114 1509 1135 esse
1525 1105 1626 1136 dicunt
1639 1126 1650 1142 ,

137 1157 222 1185 quam
242 1157 295 1184 pro
315 1149 475 1177 nutritione
495 1149 605 1184 hepatis
625 1150 791 1186 requiritur.

176 1199 327 1229 Samzders
346 1201 402 1228 hoc
429 1200 549 1235 probare
572 1208 694 1230 conatus
716 1209 780 1239 est,
806 1205 1002 1240 comparando
1027 1207 1141 1235 arterias
1168 1206 1348 1238 bronchiales
1371 1215 1399 1237 et
1423 1210 1568 1245 hepaticas
1587 1217 1652 1238 cum

137 1253 330 1289 pulmonibus
346 1260 373 1282 et
393 1253 587 1289 hepate'inter
607 1264 658 1292 se3
681 1257 732 1292 qui
755 1263 846 1286 tamen
870 1259 999 1287 attendat
1015 1258 1049 1286 ad
1069 1258 1284 1295 dzfficultatem,
1306 1269 1362 1296 qua
1384 1261 1448 1289 talis
1473 1262 1650 1296 comparatio

138 1305 300 1339 premitur,
322 1304 347 1332 is
366 1303 449 1333 facile
473 1306 527 1333 hoc
555 1314 754 1342 argumentum
773 1309 854 1343 parvi
877 1311 1015 1338 momenti
1041 1311 1147 1345 faciet,
1171 1312 1237 1339 dum
1265 1319 1405 1348 praeterea
1431 1313 1579 1348 perplurts
1604 1312 1653 1340 ad·

133 1361 202 1382 sunt
224 1361 378 1390 ηκτοι-ες,
411 1355 461 1390 qui
482 1356 572 1384 velint
594 1358 722 1386 arteriam
750 1359 909 1395 hepaticam
933 1361 971 1389 ob
998 1361 1138 1390 modicam
1170 1361 1231 1398 ejus
1260 1363 1467 1400 capacitatem,
1489 1372 1571 1398 non,
1593 1362 1650 1392 nisi

132 1405 290 1433 nutritioni
310 1406 446 1434 inservire
464 1415 550 1442 posse
572 1408 649 1445 (b).

173 1460 203 1496 §-
230 1467 276 1495 19.
318 1459 381 1487 Hoc
399 1460 466 1489 loco
486 1462 664 1489 memoranda
688 1468 730 1491 est
758 1463 922 1493 observatio
946 1466 982 1494 ab
1007 1465 1174 1500 Aberta-thy
1196 1465 1292 1502 facta,
1325 1475 1416 1502 quae,
1445 1467 1469 1496 si
1490 1476 1575 1504 vera,
1606 1476 1651 1497 se·

134 1510 288 1538 cretionem
306 1509 372 1538 bilus
393 1519 407 1538 e
426 1511 563 1547 sanguine
582 1512 669 1540 allato
687 1521 737 1549 per
754 1517 882 1544 arteriam
902 1518 1060 1553 hepaticam
1082 1518 1175 1553 primo
1197 1518 1305 1546 intuitu
1325 1519 1501 1555 aliquantum
1527 1520 1648 1555 probare

132 1563 289 1591 videretur.
331 1562 447 1598 Repetit
462 1564 596 1592 nimirum
621 1565 650 1593 in
666 1565 800 1594 cadavere
814 1567 936 1597 infantis
954 1569 1040 1597 unius
1058 1568 1124 1596 anni
1142 1577 1239 1597 venam
1259 1576 1404 1605 portarum
1416 1591 1425 1605 ‚
1447 1579 1504 1599 non
1522 1571 1649 1607 interpo-

131 1613 189 1642 sita
207 1621 277 1641 vena
295 1620 438 1649 portarum
463 1614 615 1650 hepatica,
636 1617 796 1646 immediate
814 1627 905 1655 prope
933 1629 1019 1649 venas
1045 1621 1152 1649 renales
1177 1629 1264 1650 venae
1289 1630 1373 1651 cavae
1397 1623 1578 1651 adscendenti
1604 1623 1647 1651 in·

133 1672 261 1701 sertam3
283 1666 411 1692 arteriam
433 1665 592 1701 hepaticam
613 1668 777 1698 observavit
793 1671 909 1708 majoris
928 1671 1115 1708 capacitatis,
1138 1679 1164 1700 et
1182 1672 1266 1700 bilem
1285 1673 1393 1702 invenit
1410 1681 1545 1702 secretam
1558 1694 1567 1709 ‚
1589 1680 1646 1702 tam

133 1716 164 1744 in
184 1716 349 1750 intestinis,
372 1723 455 1751 quam
477 1718 503 1745 in
521 1718 647 1747 vtsicula
667 1718 752 1748 fellea
770 1728 955 1756 praesentem.
998 1722 1109 1750 Exinde
1135 1731 1201 1758 ergo
1227 1725 1458 1753 concludendum
1481 1725 1643 1759 v.deretut,

133 1768 262 1796 arteriam
281 1767 438 1803 hepaticam
460 1769 514 1798 hoc
534 1769 563 1798 in
581 1770 712 1807 subjtecto
732 1772 847 1808 utrique
866 1781 958 1810 scopo
976 1773 1154 1809 inservisse,
1176 1774 1309 1804 nimirum
1329 1784 1393 1804 cum
1414 1775 1566 1805 nutritioni
1583 1775 1644 1804 vis-

131 1804 226 1854 ceris,
248 1826 307 1847 tum
330 1820 482 1849 secretioni
504 1821 571 1850 bilis
592 1823 670 1860 (c).
1589 1864 1608 1893 s
1625 1863 1644 1893 d

1610 1872 1623 1893 e

163 1922 212 1948 (a)
231 1921 268 1943 Cf.
285 1921 412 1949 Bergman,
428 1922 490 1945 Dt'ss.
508 1922 533 1943 de
551 1924 605 1950 llep.
621 1924 634 1951 §
657 1929 690 1947 ¹2,
723 1926 754 1948 Cf
777 1927 891 1955 Walther,
908 1928 973 1955 Phys.
988 1929 1006 1951 1.
1028 1935 1050 1957 p.
1064 1935 1114 1952 221.
1129 1933 1147 1957 §-
1163 1930 1198 1956 87.

160 1964 211 1990 (ᾗ,
236 1963 271 1985 Cf.
295 1964 389 1991 IUerat,
411 1964 476 1987 Dict.
494 1964 527 1984 der
546 1966 632 1988 Scicnc.
649 1967 711 1992 Illed.
733 1969 761 1991 T.
778 1974 797 1994 3·
815 1977 838 1998 p·
853 1970 889 1992 3¹:-

162 2007 214 2033 (εἰ
239 2005 277 2028 Cf.
294 2006 357 2028 Phil.
374 2005 533 2026 Ymnracrxans
550 2012 612 2035 ¹79³-
629 2014 643 2034 p
657 2013 694 2036 59,

955 2039 1023 2076 Es
