1946 2517
376 149 415 179 26
780 149 1121 182 GULIELMI
1176 149 1485 183 DELPRAT

380 229 454 259 clara
481 238 584 260 vocare
603 230 726 269 debent,
747 237 840 261 tamen
871 241 905 261 ex
927 232 1146 262 obscurioribus
1172 232 1230 261 illis
1259 234 1288 262 id
1311 235 1393 270 quasi
1417 241 1512 263 eruere
1536 241 1661 271 possunt
1685 237 1812 268 scholam
1829 238 1885 270 Ze·

378 281 463 309 nonis
493 282 522 310 in
557 282 678 312 Virtute
704 283 732 311 in
761 284 823 311 sola
845 282 965 312 Virtute
991 291 1155 320 supremum
1182 284 1288 314 bonum
1312 286 1446 322 posuisse
1468 287 1550 323 (1).

420 332 468 360 Sic
498 333 601 361 Cicero
627 334 660 361 de
683 333 750 363 Fin.
770 333 807 362 Π.
826 342 855 363 2.
899 354 917 369 „
938 334 1017 362 Finis
1044 334 1208 363 stotcorum
1234 343 1276 364 est
1302 337 1464 365 consentire
1485 344 1620 372 naturae,
1643 338 1721 373 quod
1749 346 1811 368 esse
1830 348 1882 369 vo-

379 384 444 412 lunt
467 391 482 412 e
511 385 618 412 virtute
641 384 660 413 i.
685 393 710 413 e.
740 384 859 413 honeste
886 387 991 414 vivere.
1001 384 1020 398 ’'
1059 385 1107 414 Sic
1133 385 1274 422 Diogenes
1308 387 1399 417 Laert.
1425 387 1490 416 VH.
1514 389 1562 425 87.
1603 389 1692 422 Ζήνων
1721 390 1798 423 τέλος
1823 389 1885 422 εἷπε

376 436 407 464 τὸ
433 435 648 470 ὁμολογουμένως
673 440 707 472 τῇ
737 437 819 472 Φύσει
841 437 907 474 ζῇν,
927 436 1001 474 ’ὅπερ
1028 437 1087 467 ἔστ)
1112 438 1178 468 κατ’
1193 438 1292 475 ἀρετήν
1316 440 1374 476 ζῇν.
1414 440 1500 473 ”Ayst
1522 441 1577 475 γὰρ
1600 442 1663 475 πρὸς
1687 442 1788 476 ταύτην
1809 443 1884 477 ἡμᾶς

381 486 510 522 ἡφύσις.
537 486 557 513 i.
577 494 601 515 e.
627 488 783 516 secundum
812 488 943 517 virtutem
972 489 1089 524 vivere,
1112 489 1146 517 ad
1167 497 1224 517 eam
1252 489 1324 518 enirn
1353 496 1450 518 natura
1470 498 1524 518 nos
1554 491 1644 519 ducit.

417 536 578 572 Chrysippi
599 546 716 572 quoque
736 545 763 567 et
781 539 931 568 Cleanthis
951 541 1126 576 sententiae,
1159 549 1229 576 quae
1256 547 1402 576 tantopere
1430 541 1503 570 inter
1535 549 1566 570 se
1597 540 1708 569 differre
1730 540 1883 576 videntur,

381 588 595 622 quodammodo
625 590 759 626 componi
785 597 912 626 possunt
939 591 989 619 illo
1019 591 1159 628 Diogenis
1194 590 1300 620 Laeuii
1325 592 1391 620 loco
1423 591 1520 630 (Vll.
1539 593 1615 629 87.)
1637 600 1694 627 r1uo
1721 591 1884 628 Chrysippi

379 640 547 668 sententiam
573 640 726 668 statuentis
758 641 902 676 propriam
930 647 1057 670 naturam
1085 651 1149 671 esse
1172 645 1345 679 sequendam
1364 645 1426 680 ipse
1451 646 1533 680 quasi
1558 652 1623 672 cum
1651 643 1801 672 Cleanthis
1818 651 1883 671 sen-

376 690 464 718 tentia
492 691 645 719 conciliare
671 692 772 727 cupit:
794 692 900 721 addens
931 712 948 727 „
967 693 1116 724 universae
1130 695 1203 724 enim
1224 701 1359 729 naturae,
1382 702 1497 723 nostrae
1520 701 1635 723 naturae
1662 701 1755 729 partes
1771 693 1885 722 sunt.''

378 760 396 775 ‚‚
412 741 544 776 Idcirco,
566 742 621 779 (ut
639 741 709 770 idem
736 743 827 779 pergit
851 744 918 773 VII.
936 745 1008 783 88.)
1039 765 1057 781 „
1073 746 1181 775 idcirco
1215 745 1280 774 finis
1305 745 1424 774 efficitur
1446 752 1634 774 consentanee
1654 745 1810 773 secundum
1833 752 1883 774 na·

374 799 466 822 turam
489 794 601 829 vivere,
621 794 778 823 secundum
805 801 886 823 suam
908 802 994 832 atque
1018 797 1216 825 universorum
1241 803 1391 831 naturam,
1413 795 1485 824 nihil
1507 804 1604 824 eorum
1637 795 1791 830 faciendo,
1812 803 1885 830 quae

375 852 390 871 a
418 845 563 874 communi
589 845 653 882 lege
682 845 885 881 prohibentur.
926 846 959 875 Id
984 847 1079 883 ipsum
1106 848 1198 877 virtus
1226 854 1288 877 est:
1315 846 1408 875 felicis
1435 846 1561 875 hominis
1587 852 1614 874 et
1635 844 1706 874 felix
1729 845 1804 874 vitae
1834 845 1884 874 de-

370 902 487 924 cursus.
505 895 526 908 '⁹
777 893 782 898 '

412 944 527 981 Quot'si
556 945 620 981 quis
648 951 740 974 tamen
764 946 926 975 etiamnunc
953 955 1077 985 pugnam
1104 948 1178 977 inter
1200 948 1369 978 Cleanthem
1391 954 1419 976 et
1444 947 1643 984 Chrysippum
1670 947 1884 984 deprehendat,

377 996 654 1025 animadvertencum
665 1016 678 1032 ,
699 997 722 1024 si
740 1006 772 1026 ex
788 997 935 1027 Cleanthis
954 999 1091 1034 opinione
1106 1007 1165 1029 non
1182 1000 1254 1029 effici
1270 1000 1365 1036 possit
1380 1000 1514 1029 virtutem
1533 1000 1704 1035 sequendam
1720 1007 1800 1035 esse,
1818 1005 1884 1028 eum

372 1046 481 1074 censeri
503 1054 562 1074 non
583 1054 671 1082 posse
697 1048 732 1075 ad
759 1047 885 1076 Zenonis
909 1049 1036 1078 scholam
1066 1051 1217 1086 pertinere.
1258 1051 1339 1080 Zeno
1369 1051 1442 1080 enim
1468 1058 1626 1085 omnesque
1647 1050 1770 1086 germani
1790 1050 1886 1079 Zeno·

370 1095 416 1125 nis
443 1095 580 1131 discipuli
604 1103 715 1132 semper
738 1099 902 1127 statuebant
933 1099 1066 1128 virtutem
1091 1108 1156 1130 esse
1180 1102 1352 1138 sequendam
1387 1102 1446 1139 (ut
1467 1109 1536 1130 mox
1563 1101 1773 1139 videbimus‚)
1799 1107 1827 1130 et
1851 1107 1888 1129 ex

371 1154 469 1176 eorum
492 1148 709 1184 convenientia,
732 1157 766 1178 ex
790 1151 988 1181 convenientia
1005 1159 1141 1191 naturae,
1164 1162 1199 1183 ex
1221 1152 1305 1182 effato
1326 1161 1442 1189 sequere
1465 1159 1626 1188 naturam,
1648 1152 1778 1182 Zenonis
1797 1152 1887 1181 scho-

370 1196 397 1226 la
424 1206 534 1234 semper
564 1200 774 1235 quoquomodo
805 1201 840 1230 ad
865 1202 1006 1232 Virtutem
1032 1205 1121 1234 redire
1160 1212 1188 1234 et
1211 1205 1354 1234 Virtutem
1379 1213 1523 1233 summum
1546 1205 1652 1233 bonum
1680 1211 1786 1240 ponere
1810 1203 1890 1233 sole·

369 1249 430 1278 bat.
482 1249 576 1285 Igitur
607 1251 717 1280 etiamsi
747 1252 904 1282 Cleanthes
933 1255 974 1283 nil
1007 1255 1041 1284 de
1072 1257 1187 1293 propria
1214 1263 1315 1285 natura
1346 1256 1438 1285 audiri
1469 1256 1577 1292 vellet,
1610 1261 1705 1284 tamen
1739 1254 1888 1285 Virtutem

372 1307 434 1328 esse
461 1301 631 1335 sequendam
666 1303 797 1331 statuerit
829 1312 946 1333 necesse
977 1312 1035 1336 est.
1082 1306 1164 1335 Alias
1189 1307 1263 1335 enim
1291 1314 1351 1335 non
1379 1307 1414 1335 ad
1438 1307 1565 1335 Zenonis
1587 1306 1717 1335 scholam
1745 1305 1884 1342 pertinere

372 1357 492 1386 potest,
516 1351 648 1387 nihilque
669 1353 756 1381 nobis
782 1362 847 1382 cum
870 1354 1055 1384 dissentiente
1079 1356 1220 1385 Cleanthe
1241 1363 1297 1385 est.
1339 1356 1394 1384 Sed
1419 1364 1514 1385 revera
1542 1357 1624 1384 illum
1652 1356 1792 1385 statuisse
1817 1355 1883 1383 Vir-

373 1406 462 1429 tutem
489 1409 550 1430 esse
577 1402 746 1437 sequendam
772 1411 848 1439 patet
872 1413 906 1434 ex
938 1406 1026 1442 Diog.
1058 1405 1156 1436 Laert.
1187 1406 1255 1436 v11.
1281 1407 1329 1443 89.
1360 1407 1410 1435 ubi
1446 1407 1602 1436 Cleanthes
1636 1414 1732 1436 merus
1762 1406 1883 1436 stoicus

372 1452 536 1489 invenitur-3
559 1453 614 1481 hoc
640 1453 722 1482 etiam
750 1461 827 1490 patet
850 1464 886 1484 ex
914 1457 1047 1485 universo
1068 1457 1161 1493 ipsius
1188 1457 1296 1493 hymno
1322 1457 1351 1485 in
1367 1456 1481 1494 Jovem.
1859 1464 1862 1468 ’

408 1503 468 1539 Jam
496 1509 562 1532 vero
584 1512 598 1532 e
619 1503 751 1541 Diogene
777 1512 856 1542 patet
878 1506 972 1543 ipsum
1002 1507 1147 1537 Zenonem
1173 1516 1224 1544 per
1249 1500 1346 1537 bivera
1364 1507 1514 1536 secundum
1533 1511 1678 1535 naturam·
1705 1505 1885 1535 intellexisse

372 1550 467 1582 ssvere
492 1556 647 1585 secundum
675 1559 826 1586 virtutem.
868 1558 960 1593 Supra
984 1557 1109 1587 vidimus
1142 1558 1274 1588 Senecam
1308 1567 1360 1596 pet
1393 1559 1539 1595 ὁμολογίαν
1564 1556 1808 1593 convenientiam,
1834 1556 1883 1586 in·

375 1604 518 1633 tellexisse
543 1605 678 1636 virtutem
707 1615 772 1637 esse
802 1609 998 1645 sequendam,
1030 1609 1187 1645 eodemque
1219 1611 1305 1640 modo
1338 1611 1506 1640 Ciceronem
1540 1610 1617 1639 illam
1650 1608 1880 1639 convenientiam

371 1655 586 1691 interpretatum
615 1666 689 1689 esse.

1839 1694 1882 1726 Et

400 1769 465 1804 (r)
485 1771 643 1804 Quamquam
661 1779 733 1798 recte
755 1773 927 1801 animadvertit
947 1775 1026 1801 Hesse
1043 1775 1068 1801 in
1089 1776 1235 1804 Comment.
1252 1777 1284 1803 de
1307 1775 1394 1802 Stoica
1419 1775 1483 1808 phil.
1508 1775 1533 1801 in
1556 1775 1655 1808 Opusc·
1677 1773 1782 1807 Sylloge
1802 1773 1880 1800 ΜΠΒ·

370 1815 457 1848 tiflghe
483 1825 510 1850 p.
534 1824 591 1850 113.
627 1837 646 1851 ,‚
662 1820 698 1845 Ut
721 1821 784 1845 enim
804 1827 897 1847 taceam
914 1822 974 1847 illud
993 1825 1166 1849 convenienter
1189 1829 1300 1849 naturae
1320 1823 1405 1849 vivere
1426 1822 1517 1848 habere
1537 1822 1622 1848 nescio
1638 1821 1698 1854 quid
1719 1819 1882 1847 obscuritstiu

370 1861 489 1894 ipsosque
509 1864 611 1890 Stoicos
630 1865 654 1890 in
677 1866 810 1897 aperienda
834 1867 888 1899 ejus
911 1868 1013 1894 notione
1040 1870 1153 1895 involuta
1175 1875 1237 1895 inter
1255 1875 1281 1894 se
1298 1876 1348 1894 non
1365 1869 1421 1893 satis
1445 1869 1599 1894 consentire:
1618 1867 1643 1893 id
1665 1874 1724 1893 sane
1745 1867 1810 1892 nulla
1831 1865 1877 1891 du·

368 1907 491 1933 bitatione
511 1917 596 1941 caret,
613 1911 756 1942 hominem,
775 1913 816 1937 cui
839 1920 888 1938 non
909 1915 953 1938 alia
978 1921 1059 1947 eaque
1080 1916 1177 1941 certior
1198 1921 1314 1947 suppetat
1341 1915 1466 1945 formula,
1494 1914 1523 1939 ad
1543 1921 1616 1946 quam
1637 1914 1736 1939 virtutis
1754 1911 1879 1939 colendae

368 1953 479 1978 studium
504 1962 603 1988 exigat,
628 1958 725 1989 saepius
754 1965 803 1983 non
827 1965 902 1990 posse
930 1967 979 1985 nou
1000 1960 1103 1986 dubium
1129 1961 1244 1991 haerere,
1270 1967 1343 1992 quam
1366 1962 1389 1985 in
1413 1968 1504 1993 partem
1522 1961 1628 1987 maxime
1649 1958 1805 1993 propendeat
1821 1957 1874 1983 anl-

368 2005 436 2029 mus‚
455 2007 518 2032 quae
532 2003 693 2034 potissimum
709 2004 864 2037 expetenda,
882 2012 946 2038 quae
963 2012 1056 2032 contra
1070 2006 1207 2039 rejicienda
1224 2006 1387 2033 arbitratur‚’'
