1946 2517
362 132 679 164 COMMENTATIO
701 139 742 164 AD
769 132 1072 171 QUAESTIONEM
1093 132 1330 164 CHEMICAM.
1567 142 1598 170 19

93 216 198 248 tractio
224 215 314 253 huius
342 215 426 244 Acidi
451 216 488 244 iis
513 223 609 246 nocet.
659 217 776 246 Plantae
803 224 870 245 vero
895 223 968 252 quae
1002 213 1034 245 in
1058 210 1324 254 umbra'vegetant
1353 215 1448 244 eadem
1478 214 1599 251 absorp-

93 257 174 298 tione
192 267 279 297 Acidi
299 267 456 296 Cat-bonici
477 276 536 296 non
561 268 725 296 laeduntur.

136 319 317 350 contrariam
342 327 409 347 vero
435 319 501 347 huic
527 320 723 355 experimento
748 318 913 354 opinionem
941 319 1008 348 tulit
1037 319 1101 349 Cel.
1123 320 1288 348 Braconnot
1308 319 1378 356 (a)
1401 318 1450 354 qui
1480 317 1599 347 noxium

94 372 172 401 hunc
199 369 329 399 effectum
353 370 460 404 calcis,
482 378 540 398 non
565 370 667 403 tribuit
685 369 817 399 facultati
835 370 1005 399 absorbendi
1025 370 1085 399 Gas
1105 371 1226 399 Acidum
1244 370 1440 399 Carbonicum
1455 390 1465 405 ‚
1501 377 1602 397 verum

93 423 206 459 plantas
230 421 320 457 perire
341 421 513 455 arbitratur,
542 421 611 455 quia
641 421 729 448 calcis
754 420 911 456 particulae
938 422 1054 456 vaporis
1092 420 1186 449 forma
1213 421 1266 449 a'e'ri
1303 429 1364 449 sese
1399 420 1598 454 admisceant,

93 480 122 502 et
144 472 210 501 huic
238 472 279 500 ita
308 471 364 499 vim
393 476 556 500 venenatam
587 471 724 503 tribuant.
779 472 856 500 Haec
890 479 958 500 vero
991 473 1130 500 sententia
1166 473 1278 501 admitti
1312 481 1371 502 non
1406 478 1505 507 potest
1533 467 1602 500 dum

95 523 289 560 experimento
315 522 472 558 constitit,
499 521 678 557 in;umbra‚
708 522 759 551 ubi
792 523 879 560 hujus
908 522 994 552 Acidi
1023 523 1171 560 absorptio
1195 532 1254 552 non
1286 524 1340 560 fit,
1377 524 1489 559 plantas
1519 529 1602 559 vege·

89 581 176 604 tasse.

135 625 239 655 Omnis
264 625 351 662 hujus
381 623 443 652 Gas
471 624 555 654 Acidi
581 624 739 655 Carbonici
767 624 880 653 utilitas
902 631 989 661 atque
1014 626 1173 655 necessitas
1203 633 1281 654 nunc
1307 627 1338 654 in
1364 626 1541 664 vegetatione
1569 625 1604 654 ab

96 677 160 714 ejiis
184 675 434 717 decompositione
453 676 569 711 pendet.
611 675 727 705 Plantas
754 684 789 705 ex
812 685 846 705 eo
878 677 1075 706 Carbonicum
1100 676 1157 705 sibi
1187 676 1345 706 assimilare
1369 685 1396 706 et
1421 677 1605 714 Oxygenium

93 727 222 757 emittere
241 728 326 756 variis
347 727 551 762 experimentis
571 727 722 762 probatur.
1442 727 1457 733 ’“

133 767 281 809 Plantulas
309 777 418 806 Vineae
448 778 577 806 Minoris
601 786 722 813 quarum
753 779 861 808 radices
893 779 1012 808 vasculo
1046 784 1153 815 aquam>
1172 788 1272 816 puram
1299 780 1460 809 continenti
1487 779 1605 807 insiste·-

95 829 185 866 bant,
205 830 369 858 introduxit
391 829 567 858 Saussurius
592 828 647 856 sub
671 837 721 858 vas
746 830 907 866 recipiens,
940 830 1020 866 quod
1046 831 1184 866 repletum
1217 838 1276 859 erat
1305 831 1392 860 Aere·
1413 830 1606 866 Atmospiiae-

71 878 78 879 ’
94 881 156 919 rico
175 889 240 909 cutn
269 882 286 920 ᾖ
314 887 394 916 parte
414 880 475 908 Cas
497 879 581 909 Acidi
599 879 773 910 Carbonici.
813 881 951 918 Quotidie
972 889 1022 917 per
1041 889 1090 909 sex
1106 882 1189 909 horas
1209 888 1406 918 praeparatum
1425 880 1511 909 radiis
1532 875 1607 908 sola-⁴

95 933 179 961 ribus
206 931 264 960 fuit
291 932 467 967 expositum.
510 932 717 966 Experimento
738 938 809 967 post
834 932 1036 961 hebdomadem
1062 931 1216 960 terminato
1249 933 1329 960 nulia
1362 931 1485 960 mutatio
1510 931 1607 959 locum

95 983 225 1024 habuit,
244 983 324 1019 quod
350 983 384 1010 ad
408 982 543 1011 volumen
569 982 660 1012 aeris:
683 983 776 1018 patuit
795 991 872 1025 'vero
898 988 983 1011 omne
1008 983 1134 1012 Acidum
1160 982 1358 1012 Carbonicum
1381 982 1557 1025 disparuisse
1580 986 1608 1008 er

94 1034 184 1076 liujiis
201 1034 359 1074 inlocum
390 1033 556 1069 restitutum
581 1032 675 1066 fuisse
703 1032 765 1062 Gas
794 1034 1001 1070 Oxygenium3
1029 1034 1144 1062 Plantae
1169 1034 1274 1062 deinde
1300 1033 1376 1069 ignis
1404 1040 1459 1068 ope
1484 1033 1513 1060 in
1538 1030 1608 1060 Car-

94 1084 199 1114 bonem
226 1085 353 1113 redactae
380 1083 460 1112 fuere
486 1090 525 1112 et>
542 1084 630 1120 hujus
652 1084 804 1119 quantitas
839 1091 1004 1120 comparata
1036 1084 1093 1113 fuit
1129 1085 1196 1112 curti
1212 1087 1253 1112 ”ea
1290 1091 1362 1119 quae
1395 1082 1550 1111 habebatur
1574 1088 1609 1109 ex

95 1136 205 1173 plantis
232 1135 376 1164 similibus
403 1140 430 1162 et
458 1134 585 1171 ejusdem
610 1135 764 1170 ponderis,
786 1143 846 1170 quo
867 1134 981 1163 fuerant
1000 1135 1116 1171 plantae
1139 1135 1175 1164 ad
1201 1128 1426 1171 experimentum
1452 1133 1606 1162 adhibitae.

94 1175 143 1216 Sic
183 1185 316 1223 apparuit
351 1186 500 1215 Carbonis
534 1187 725 1224 quantitatem
764 1186 795 1214 in
833 1185 1028 1222 experimento
1066 1193 1150 1221 quam
1190 1186 1312 1216 maxime
1349 1185 1444 1214 fuisse
1483 1190 1606 1213 auctam.

94 1226 288 1268 Manifestum
319 1236 408 1274 igitur
434 1244 496 1272 est,
532 1237 583 1265 has
615 1238 729 1272 plantas
760 1245 843 1266 omne
879 1237 953 1265 illud
989 1236 1113 1266 Acidum
1149 1236 1369 1272 Carbonicum‚
1408 1244 1467 1272 quo
1498 1236 1608 1264 cinctae

98 1296 200 1327 erant,
221 1288 488 1324 decomposuisse‚
517 1294 545 1316 et
561 1288 625 1324 ejus
642 1288 840 1317 Carbonicum
859 1288 888 1316 in
908 1289 1069 1324 plantarum
1089 1288 1281 1317 substantiam
1304 1287 1472 1324 transiisse3
1495 1286 1610 1323 Oxyge—

99 1339 181 1377 nium
205 1346 274 1368 vero
299 1340 421 1375 ejectum
450 1345 479 1367 et
507 1338 563 1366 aeri
586 1334 733 1367 'redditum
759 1338 861 1367 fuisse.
912 1338 1026 1368 Eodem*
1054 1340 1143 1368 modo
1174 1339 1253 1368 aliud
1277 1339 1408 1369 instituit
1434 1338 1611 1375 experimen·

97 1395 181 1425 tum,
201 1395 235 1419 ut
262 1389 337 1418 idem
362 1388 436 1417 illud
457 1397 473 1417 e
498 1389 646 1418 contrario
671 1390 890 1420 demonstraret.
932 1389 1068 1425 Plantas,
1090 1397 1163 1425 quae
1189 1398 1246 1426 ope
1270 1398 1361 1425 aquae
1388 1397 1475 1425 purae
1501 1387 1612 1424 vegeta·

99 1446 221 1475 verant,
256 1439 311 1468 aeri
340 1439 461 1468 immisit
486 1440 731 1475 Atmosphaerico
758 1448 832 1475 aqua
865 1441 954 1469 calcis
977 1440 1097 1476 abluto;
1135 1439 1214 1469 nulla
1242 1440 1365 1469 mutatio
1395 1447 1464 1468 vero
1495 1438 1525 1467 in
1550 1440 1614 1467 aere

99 1491 242 1525 ambiente
271 1489 413 1519 obtinuit.
454 1490 526 1519 Post
552 1490 821 1519 Carbonisationem
852 1491 1174 1526 (et.comparationem
1201 1491 1245 1519 uti
1272 1491 1302 1519 in
1323 1490 1500 1527 praecedenti
1528 1497 1613 1526 cxpe-

98 1542 252 1577 rimento)
287 1541 424 1570 constitit
452 1548 545 1569 earum
580 1540 871 1571 Carbonicum·non
905 1543 1000 1571 solum
1030 1549 1089 1571 non
1116 1542 1295 1578 increvisse,
1334 1551 1404 1571 vero
1438 1544 1612 1572 diminutum

101 1592 197 1623 fuisse
227 1591 314 1629 (a).
355 1591 405 1620 Sat
440 1600 508 1628 ergo
543 1591 630 1621 Acidi
664 1591 821 1622 Carbonici
849 1592 1065 1629 decompositio
1101 1592 1148 1622 his
1181 1593 1382 1629 experimentis
1419 1595 1613 1625 demonstrata

102 1643 174 1672 mihi
195 1643 321 1671 videtur.

139 1693 227 1722 Initio
259 1693 349 1730 hujus
381 1692 519 1721 sectionis
541 1693 599 1730 jam
626 1693 708 1729 dixi,
741 1701 826 1729 quam
863 1694 984 1723 maxime
1017 1694 1200 1732 Phytologos
1234 1696 1310 1725 inter
1341 1704 1374 1725 se
1402 1696 1552 1726 dissentire
1581 1699 1615 1727 de

104 1744 172 1774 utili
190 1745 236 1773 vel
258 1743 343 1772 noxia
370 1744 506 1779 actione,
536 1752 571 1772 ex
595 1745 680 1774 Acidi
706 1745 863 1776 Carbonici
887 1746 1137 1783 decompositione
1154 1747 1289 1777 oriunda.

139 1794 248 1824 Omnes
270 1794 327 1823 huc
352 1803 444 1831 usque
457 1795 539 1824 citati
558 1802 691 1824 auctores
710 1796 926 1833 probaverunt,
946 1799 1063 1835 plantas
1088 1806 1123 1829 ex
1147 1799 1203 1828 hoc
1226 1798 1343 1835 Addo,
1364 1797 1542 1829 Carbonium
1559 1800 1617 1829 sibi

1568 1851 1617 1881 ad-

130 1926 182 1955 (ι)
204 1927 331 1947 Braeeonnor
340 1942 348 1952 ,
369 1927 406 1949 cr.
423 1927 520 1955 ctum,
530 1927 630 1952 Journal
639 1929 684 1956 sur
699 1928 735 1950 dia
754 1930 839 1952 cbo-uie
848 1945 857 1959 ‚
870 1931 887 1954 f.
899 1930 937 1954 IX.
951 1938 975 1960 p.
987 1932 1038 1959 148.

132 1969 180 1995 (b)
197 1968 236 1991 Cf.
251 1968 395 1995 Saum-irtus,
412 1968 452 1990 loe.
466 1969 507 1993 εἰη.
523 1977 548 1998 p.
561 1976 597 1998 ⁴0·
612 1976 650 2000 sq.

915 2013 981 2042 02
