1946 2517
312 176 346 206 16
613 178 987 210 GUILIELMI
1046 179 1513 216 WENCKEBACH

314 261 380 297 quia
407 261 492 290 simul
515 267 542 290 et
567 264 682 299 pondus
705 269 733 292 et
759 255 878 300 pretium
903 263 1085 292 instrumenti
1111 272 1213 301 magno
1234 274 1317 302 opere
1339 274 1373 295 eo
1400 274 1533 305 augetur.
1584 267 1625 297 Ut
1646 274 1739 298 autem
1760 268 1817 298 oba

312 321 424 341 servare
450 314 533 342 liceat
560 315 691 343 mercurii
714 314 916 348 altitudinem,
937 311 1058 341 finditur
1079 313 1166 350 hujus
1189 324 1267 344 arcae
1292 325 1356 352 pars
1380 319 1512 353 superior
1532 319 1642 356 media,
1662 321 1702 349 ita
1718 327 1750 349 ut
1767 321 1812 349 di-

309 363 394 392 midia
413 364 476 400 eJ‘us
502 373 567 399 pars
597 365 626 393 in
645 366 760 394 modum
785 365 886 401 januae
907 362 1006 400 aperiri
1038 365 1153 400 possit:
1185 372 1253 394 tunc
1280 368 1309 395 in
1338 368 1422 397 altera
1443 369 1558 398 dimidia
1581 376 1661 406 parte
1681 370 1813 408 infigitur

310 415 392 451 juxta
419 415 519 443 tubum
545 416 655 444 lamella
681 424 803 452 cuprea,
825 416 853 444 in
878 424 935 452 qua
959 418 1035 446 scala
1061 419 1208 454 insculpta
1235 428 1294 450 est:
1328 421 1379 450 liae
1405 422 1516 451 ratione
1541 422 1662 458 plurima
1683 423 1821 452 hamme-v

312 473 354 495 tra
383 467 527 503 portatilia
550 475 718 497 constructa
742 475 820 498 sunt.
861 469 920 497 Alii
945 476 1038 498 autem
1070 478 1180 502 tantum
1208 470 1338 500 fissuram
1360 473 1390 501 in
1416 481 1478 501 arca
1506 473 1639 508 faciunt,
1663 474 1736 503 inter
1750 481 1821 511 (cu-1

306 519 354 554 jus
379 519 482 554 latera,
516 518 543 546 in
567 517 688 548 fot-mam
712 520 808 556 anguli
835 527 936 548 versus
967 520 1129 549 interiorem
1151 518 1241 550 arcam
1266 523 1390 558 propius
1412 523 1448 551 ad
1471 531 1502 551 se
1529 523 1652 552 invicem
1675 523 1820 552 acceden·.

309 570 369 604 tia,
393 576 504 598 tantum
531 571 618 607 spatii
641 572 727 599 modo
755 572 943 608 relinquitur,
971 579 1113 607 quantum
1143 572 1267 608 sufficit,
1300 578 1332 601 ut
1360 573 1449 602 tubus
1471 573 1500 602 in
1524 582 1557 603 eo
1578 574 1715 603 collocari
1741 581 1812 610 pos-

305 621 363 650 sit:
393 621 479 650 altera
503 623 654 658 angustior
676 621 779 651 fissura
812 623 840 651 in
869 624 1008 660 opposita
1035 634 1116 654 arcae
1141 633 1220 661 parte
1247 632 1357 655 tantum
1385 627 1486 663 adest,
1517 633 1549 655 ut
1578 635 1627 663 per
1648 622 1708 656 eam
1734 628 1806 656 satis

304 672 424 700 luminis
446 671 556 708 intret,
584 673 620 701 ad
646 673 796 701 commode
827 674 1031 704 observandam
1071 677 1204 705 mercurii
1228 677 1408 706 altitudinem
1433 678 1463 706 in
1487 678 1585 713 scald,
1615 679 1666 707 uni
1690 678 1811 707 laterum

304 723 420 760 majoris
441 724 559 752 fissurae
585 724 684 753 affixa:
709 732 739 752 ut
763 731 858 753 autem
882 725 933 754 hae
955 725 1074 755 fissurae
1097 728 1130 755 iu
1152 728 1252 756 itinere
1276 728 1369 756 claudi
1397 727 1532 763 possint,
1551 729 1599 758 illa
1617 737 1697 757 arcae
1722 737 1812 765 pars,

307 782 380 810 quac
407 775 473 803 fissa
504 783 566 812 cst,
595 776 722 812 cingitur
743 777 822 805 tubo
847 786 975 814 cupreo,
1005 780 1125 808 eundem
1153 779 1182 807 in
1207 778 1322 808 modum
1352 777 1444 814 fisso,
1474 778 1526 814 qui
1554 778 1593 808 ita
1619 779 1694 809 circa
1714 787 1810 809 arcam

303 825 412 853 moveri
442 833 559 862 potest,
583 834 614 855 ut
638 835 786 863 aperturas
811 829 937 864 obtegat.

342 885 370 904 ε.
402 878 500 913 Scala,
521 879 550 907 in
576 887 631 914 qua
651 888 782 908 mensura
804 881 947 917 insculpta
972 888 1016 911 est
1030 903 1040 918 ‚
1061 883 1231 919 plerumque
1249 888 1293 911 est
1310 882 1420 911 lamella
1441 889 1569 918 cuprea,
1591 889 1663 917 quae
1689 880 1813 918 affigitur

303 935 383 957 arcae
403 930 484 965 juxta
511 930 633 960 tubum:
665 931 774 960 lamella
802 933 889 968 haec,
911 934 1023 962 etiamsi
1050 935 1208 963 divisiones
1232 935 1258 962 ei
1281 940 1392 962 tantum
1415 933 1616 968 insculpantur
1639 933 1668 961 in
1692 940 1722 960 ea
1747 939 1814 968 par-

308 985 356 1014 te,
379 980 451 1008 intra
479 989 562 1016 qnam
588 982 761 1011 mutationes
787 983 915 1011 mercurii
939 987 1063 1021 cadant,
1085 992 1176 1014 tamen
1201 987 1262 1021 ipsa
1288 985 1371 1013 debet
1391 984 1512 1020 produci
1535 985 1600 1013 inde
1621 993 1636 1012 a
1658 983 1814 1020 superficie

306 1028 440 1059 inferiore
469 1032 622 1067 mercurii,
653 1041 746 1068 usqne
772 1034 807 1062 ad
829 1035 977 1063 maximam
1006 1035 1207 1071 altitudinem,
1234 1037 1269 1064 ad
1295 1044 1380 1071 quam
1407 1035 1552 1071 pervenire
1585 1035 1681 1070 possit
1704 1042 1822 1062 merca--

303 1079 383 1108 rius:
411 1089 473 1109 nam
500 1082 524 1110 si
557 1083 666 1110 lamella
695 1089 804 1111 tantum
833 1085 946 1119 aliquot
968 1086 1090 1121 pollices
1118 1087 1203 1121 longa
1229 1093 1298 1121 est,
1327 1086 1440 1119 calore,
1467 1083 1594 1120 frigore,
1623 1084 1817 1119 humiditate,

303 1130 435 1158 siccitate
460 1131 589 1167 lignum,
610 1131 659 1159 cui
683 1132 763 1161 affixa
783 1140 850 1169 est,
871 1142 948 1163 nunc
968 1136 1156 1172 expanditur,
1177 1143 1254 1164 nune
1278 1135 1479 1170 contrahitur,
1512 1140 1543 1162 ut
1563 1134 1639 1162 scala
1663 1134 1748 1162 modo
1769 1139 1814 1162 at·

303 1180 443 1217 tollatur,
474 1183 560 1210 modo
586 1183 782 1220 deprimatur,
810 1185 948 1221 nullaque
972 1194 1091 1222 prorsus
1122 1187 1147 1215 ei
1173 1186 1242 1215 fides
1270 1187 1309 1215 sit
1337 1186 1476 1215 habenda.
1524 1185 1591 1214 Alio
1620 1185 1708 1213 modo
1733 1185 1810 1214 hunc

301 1230 407 1259 caloris
431 1230 564 1260 effectum
591 1233 710 1262 evitavit
732 1234 986 1273 Bcnzenbergius,
1009 1244 1098 1272 quum
1125 1237 1297 1265 divisionem
1319 1237 1348 1266 in
1369 1237 1438 1273 ipso
1457 1236 1528 1264 tubo
1554 1236 1732 1272 insculperet
1753 1243 1809 1271 ope

299 1281 373 1310 acidi
396 1281 529 1318 fluorici,
551 1291 624 1319 quae
642 1285 714 1314 ratio
735 1285 805 1313 mihi
831 1285 944 1314 videtur
967 1289 1091 1316 multum
1115 1288 1253 1324 prodesse
1281 1289 1315 1316 ad
1335 1294 1468 1317 accurate
1491 1287 1722 1321 observandum,
1745 1286 1814 1322 quin

301 1333 342 1366 ita
374 1332 488 1362 facilius
521 1333 555 1362 ab
587 1335 666 1364 omni
694 1336 831 1375 parallaxi
859 1336 955 1365 caveri
986 1345 1094 1374 potest.
1126 1353 1163 1361 —
1192 1338 1290 1367 Scalae
1314 1339 1446 1374 vulgares
1473 1338 1587 1366 divisae*
1604 1344 1672 1366 sunt
1697 1337 1811 1366 sivein

299 1384 422 1420 pollices
443 1390 471 1412 et
493 1385 583 1414 lineas
607 1393 691 1422 atque
716 1387 853 1415 linearum
874 1395 989 1424 parteS,
1011 1399 1118 1426 easque
1144 1390 1205 1418 sive
1222 1389 1369 1425 Gallicas,
1392 1389 1454 1418 sive
1474 1389 1631 1425 Angstcas,
1651 1389 1714 1424 sive
1733 1389 1812 1418 Rhe-

302 1434 490 1470 mundinas,
513 1436 573 1464 sive
597 1437 732 1466 Suecicas
756 1438 845 1474 (1),
868 1440 927 1467 sive
952 1439 982 1468 in
1001 1441 1179 1469 millimetra:
1204 1440 1408 1468 Rosentlmlius
1429 1447 1495 1468 vero
1515 1439 1544 1468 in
1568 1447 1624 1468 suo
1647 1439 1810 1468 baromctro

301 1486 468 1522 peculiarem
492 1487 625 1516 adhibuit
652 1496 833 1524 mensuram,
866 1491 934 1525 quia
963 1491 1029 1518 haec
1057 1492 1083 1519 ei
1110 1491 1177 1519 usui
1204 1491 1300 1525 aptior
1327 1490 1484 1519 videbatur.
1512 1505 1550 1512 —
1577 1489 1611 1517 ln
1642 1490 1810 1519 barometris

301 1536 408 1572 pyxide
433 1537 580 1566 instructis
610 1538 723 1567 initium
754 1540 846 1568 scalae
871 1541 987 1569 ducitur
1011 1549 1026 1569 a
1053 1540 1203 1577 superficie
1230 1541 1361 1568 mercurii
1386 1541 1414 1568 in
1437 1540 1558 1576 pyxide:
1581 1540 1611 1568 in
1636 1540 1806 1569 barometris

302 1587 567 1623 siphoniformibus
594 1589 680 1617 variis
708 1591 800 1619 modis
826 1599 1028 1627 computatur:
1063 1591 1272 1620 Rosentlmlius
1295 1600 1310 1619 a
1337 1599 1489 1620 curvatura
1508 1591 1650 1626 incipiens
1677 1590 1809 1619 altitudi-

299 1646 361 1666 nem
388 1641 562 1669 mercurialis
592 1640 754 1676 superficiei
785 1643 813 1670 in
845 1649 968 1678 utroque
999 1650 1081 1670 crure
1113 1643 1306 1676 observabat,
1335 1650 1406 1676 quae
1433 1647 1613 1676 computatae
1641 1641 1732 1669 totius
1759 1649 1811 1670 co-

299 1689 412 1719 lumnae
450 1691 680 1728 longitudinem,
711 1699 737 1720 ct
771 1694 967 1728 substractae,
996 1702 1012 1722 a
1041 1702 1072 1722 se
1098 1693 1220 1722 invicem
1250 1693 1429 1722 altitudinem
1467 1692 1705 1726 columnae‚·ab
1734 1693 1809 1721 aeris

299 1742 448 1776 pressione
468 1749 664 1779 sustentatae,
685 1744 801 1774 dabant.
844 1746 903 1774 Alii
931 1746 1043 1774 initium
1071 1745 1213 1775 ducebant
1237 1752 1252 1772 a
1276 1744 1427 1779 superficie
1447 1743 1578 1771 mercurii
1603 1743 1632 1771 in
1650 1750 1732 1770 crure
1755 1743 1809 1771 mi-

298 1799 387 1828 nore,
420 1800 447 1821 et
469 1793 635 1823 observatae
660 1795 804 1823 altitudini
838 1803 947 1824 tantum
975 1797 1117 1827 addebant
1139 1797 1185 1825 vel
1214 1797 1383 1830 demebant,
1413 1803 1551 1831 quantum
1580 1802 1611 1823 ea
1640 1793 1807 1830 superficies

300 1843 425 1871 variante
449 1845 521 1873 astris
546 1846 695 1881 pressione
724 1847 911 1875 descendebat
935 1849 978 1875 vel
1004 1848 1201 1877 adscendebat.
1253 1846 1443 1876 commodior
1467 1852 1560 1874 tamen
1586 1854 1655 1873 usus
1678 1846 1750 1881 erit,
1780 1845 1807 1874 si

298 1891 410 1921 initium
430 1895 549 1923 ducatur
568 1905 582 1923 a
610 1897 706 1932 linea,
729 1906 800 1932 quae
827 1898 864 1926 ita
888 1899 980 1927 electa
1004 1901 1062 1935 sit,
1086 1908 1118 1928 ut
1139 1898 1297 1926 mercurius
1319 1897 1348 1925 in
1372 1905 1453 1925 crure
1477 1897 1587 1926 minore
1604 1904 1750 1933 nunquam
1773 1896 1808 1924 ad

1747 1954 1807 1975 eam

326 2010 371 2033 {ij
396 2009 494 2033 Quarum
512 2011 706 2036 coiniaraiiunem
726 2012 778 2033 vide
797 2013 855 2038 alud
879 2018 900 2034 v.
923 2018 1036 2035 ewino.
1057 2013 1106 2034 Pas.
1122 2010 1189 2037 Plifl.
1212 2011 1282 2034 T.1¹-
1306 2016 1326 2036 Ρ·
1345 2015 1393 2036 ¹⁰7·
