1946 2517
395 202 710 235 COMMENTATIO
729 213 771 235 AD
793 205 1094 245 QUAESTIONEM
1113 209 1332 243 PHYSICAM.
1597 220 1617 249 5

384 515 723 555 PARS
865 517 1331 570 PRIOR,

471 636 523 657 DE
553 636 929 659 CONSTRUCTIONE
962 637 1229 660 BAROMETRI.

799 765 831 801 §-
874 774 899 796 1.

639 839 686 871 De
705 840 870 870 harometro
890 843 922 871 in
939 850 1057 880 genere.

92 899 223 968 Origo
249 930 332 960 vocis
357 930 517 959 barometri
539 930 688 966 repetenda
714 937 759 960 est
783 940 798 960 a
821 931 958 967 Graecis,
981 932 1091 969 quippe
1111 940 1185 969 quae
1208 932 1372 970 composita
1396 937 1441 962 est
1463 933 1607 970 ε’βκρὺς,

89 986 203 1021 gravis,
232 993 259 1013 et
286 985 401 1021 μέτρον,
429 992 572 1013 mensura.
618 983 680 1020 Jam
709 984 775 1013 hinc
801 990 898 1019 patet,
931 984 1120 1013 barometrum
1156 985 1330 1013 destinatum
1361 993 1424 1013 esse
1452 985 1606 1013 metiendae

88 1036 226 1073 ponderis
247 1036 395 1073 cujusdam
422 1035 587 1071 pressioni:
618 1042 646 1063 et
673 1036 787 1071 quidem
815 1037 934 1064 inservit
961 1037 1115 1065 metiendae
1143 1036 1167 1064 ei
1192 1036 1358 1072 pressioni,
1391 1045 1475 1072 quam
1499 1037 1603 1066 exserit

87 1088 139 1116 aiir
161 1087 191 1115 in
214 1095 277 1114 eum
299 1087 394 1115 locum
409 1107 419 1121 ‚
441 1088 470 1115 in
492 1095 550 1122 quo
578 1087 634 1115 hoc
658 1087 879 1115 instrumentum
905 1085 1068 1115 adhibetur.
1115 1088 1216 1115 Aerem
1251 1094 1343 1115 autem
1371 1095 1463 1115 revera
1487 1095 1602 1123 gravem

88 1144 172 1172 esse,
202 1137 349 1173 igiturque
374 1146 499 1174 premere
515 1158 526 1172 ,
554 1139 610 1174 J'am
636 1138 815 1174 conjecerant
838 1136 992 1166 Galilaeus
1016 1144 1043 1165 et
1064 1137 1272 1173 Torrtcellius,
1301 1137 1506 1168 demonstravit
1531 1146 1600 1168 vero

85 1189 288 1226 experimentis
310 1189 563 1225 ingeniosissimus
585 1189 654 1218 Otto
673 1189 859 1218 Guerickius.

125 1240 168 1270 Ut
184 1241 273 1277 igitur
287 1240 355 1268 haec
370 1239 442 1269 aeris
459 1242 572 1275 pressio
590 1240 767 1269 determinari
785 1240 900 1274 possit,
916 1240 954 1267 ita
971 1241 1152 1270 construitur
1166 1241 1367 1271 barometrum.
1408 1240 1539 1269 Sumitur
1555 1246 1601 1268 tu·

84 1292 143 1320 bus
157 1292 267 1320 vitreus
278 1311 289 1326 ,
307 1291 342 1319 ab
361 1291 446 1319 altera
461 1292 636 1320 extremitate
653 1291 769 1319 clausus
781 1311 791 1325 ,
811 1291 844 1318 ab
863 1291 946 1319 altera
961 1299 1097 1326 apertus,
1111 1293 1163 1327 qui
1179 1292 1315 1328 impletur
1331 1291 1493 1328 mercurio3
1512 1292 1599 1329 hujus

82 1343 146 1371 tubi
163 1342 324 1371 extremitas
338 1349 434 1378 aperta
452 1343 512 1370 sive
527 1343 703 1378 immergitur
722 1342 751 1370 in
769 1342 920 1378 pyxidem,
940 1344 1005 1371 item
1027 1346 1169 1372 mercurio
1187 1346 1323 1380 repletam
1336 1365 1346 1379 ,
1364 1344 1425 1373 sive
1441 1343 1599 1372 inflectitur

81 1394 112 1423 in
128 1394 249 1425 formam
265 1393 418 1430 siphonisz
441 1394 698 1436 utrumvistlocum
714 1394 863 1428 obtineat,
885 1402 1043 1423 mercurius
1064 1395 1092 1423 in
1111 1395 1183 1425 tubo
1202 1404 1261 1424 non
1277 1396 1428 1424 descendet
1444 1402 1594 1430 eousque,

81 1446 172 1474 donec
196 1446 259 1482 ejus
284 1446 451 1481 superficies
473 1446 503 1474 in
533 1446 630 1474 eodem
659 1446 745 1481 plano
764 1447 823 1481 sit,
846 1447 875 1474 in
899 1455 959 1481 quo
984 1447 1152 1482 superficies
1174 1449 1323 1482 mercurii,
1353 1455 1411 1482 quo
1438 1446 1521 1484 pyris
1545 1451 1596 1474 aut

79 1505 148 1526 crus
166 1504 296 1533 apertum
321 1497 456 1532 siphonis
474 1497 612 1533 repletum
630 1502 695 1525 est:
721 1497 786 1524 haec
807 1498 879 1524 enim
901 1498 1038 1532 premitur
1054 1499 1178 1532 pondere
1197 1498 1288 1526 totius
1311 1498 1463 1526 columnae
1481 1498 1592 1533 aereae,

81 1556 156 1584 quae
179 1557 265 1584 supra
282 1556 340 1576 eam
360 1554 425 1582 est,
457 1547 505 1576 illa
529 1554 649 1581 contra,
670 1546 780 1582 quippe
797 1547 878 1575 nullo
908 1549 1031 1582 pondere
1053 1557 1170 1584 pressa,
1199 1549 1306 1577 tamdiu
1335 1557 1422 1584 supra
1449 1549 1520 1577 hanc
1547 1548 1596 1576 ad-

77 1608 93 1630 ⁸
112 1600 216 1634 endet,
238 1601 330 1629 denec
350 1600 463 1635 pressio
484 1600 636 1628 columnae
651 1599 848 1633 mercuriahs,
871 1607 944 1634 quae
971 1599 999 1627 in
1026 1600 1096 1627 tubo
1119 1608 1206 1635 supra
1232 1599 1412 1635 superficiem
1441 1599 1591 1635 mercurii,

77 1650 107 1679 in
133 1650 234 1687 {wide
252 1657 302 1678 aut
330 1658 412 1678 crure
437 1650 547 1678 minore
568 1651 719 1684 contenti,
747 1651 928 1685 adsurrexit,
956 1651 1146 1686 aequipolleat
1172 1652 1316 1688 pressioni
1343 1652 1492 1680 columnae
1518 1651 1592 1680 aeris

74 1707 147 1738 pren
157 1709 251 1736 must,
274 1701 394 1735 proinde
418 1701 470 1729 hac
491 1702 641 1737 pressione
661 1707 768 1729 mutata
793 1701 953 1729 mutabitur
980 1710 1097 1736 quoque
1122 1703 1199 1731 illius
1221 1703 1370 1732 columnae
1391 1702 1534 1732 altitudo:
1558 1709 1590 1731 ut

73 1751 162 1788 igitur
183 1753 245 1788 tjus
266 1753 438 1781 mutationes
461 1755 666 1789 innotescant,
688 1760 797 1782 tantum
821 1763 895 1788 opus
913 1759 973 1789 est,
995 1761 1025 1780 ut
1044 1753 1172 1789 affigatur
1190 1754 1279 1782 tubus
1300 1754 1347 1782 ille
1367 1755 1510 1783 mercurio
1531 1753 1588 1782 im-

71 1803 187 1840 pletuS,
210 1804 261 1838 qui
283 1812 298 1832 a
324 1804 477 1833 barometri
499 1804 669 1839 inventore,
691 1805 890 1842 Euangmsta
915 1804 1105 1839 Tomis-clleo,
1137 1804 1226 1833 tubus
1250 1805 1479 1836 Torricelliatms
1501 1814 1588 1834 voca-

71 1860 138 1889 tur,
160 1855 272 1883 tabulae
294 1864 326 1884 ex
347 1857 447 1892 ligno,
477 1863 525 1885 aut
550 1857 666 1885 metallo
688 1855 798 1891 factae,
827 1858 855 1884 in
882 1864 937 1890 qua
960 1857 999 1883 sit
1027 1856 1100 1884 scala
1128 1857 1291 1892 insculpta,
1321 1866 1377 1892 qua
1401 1857 1492 1886 metiri
1516 1865 1589 1893 pos-

69 1906 160 1934 simus
181 1906 362 1935 altitudinem
386 1908 518 1936 mercurii
543 1908 573 1937 in
598 1908 670 1936 tubo
698 1907 879 1943 exsurgentis
905 1914 990 1940 snpra
1017 1908 1146 1934 mercurii
1175 1907 1203 1935 in
1231 1908 1334 1944 pyxide
1357 1914 1406 1936 aut
1433 1908 1521 1937 altero
1545 1909 1586 1937 si·

67 1957 173 1993 phanis
201 1967 283 1986 crure
304 1958 498 1993 superficiem.
547 1961 594 1988 Ex
619 1960 727 1995 quibus
755 1960 908 1993 sequitur,
945 1958 1052 1986 bonum
1080 1957 1144 1986 fore
1167 1957 1378 1993 baroniarum,
1399 1959 1425 1986 si
1451 1959 1490 1987 ita
1515 1967 1585 1987 con·

67 2006 173 2036 fectum
195 2008 264 2043 ω’,
294 2017 327 2036 ιιι
352 2010 417 2038 haec
442 2010 565 2039 altitudo
590 2011 720 2039 mercurii
747 2011 838 2039 nullis
864 2010 927 2038 alins
952 2010 1070 2045 causis,
1089 2010 1144 2038 nisi
1166 2010 1228 2045 ipsa
1255 2010 1325 2038 aeris
1347 2010 1494 2046 pressione
1517 2018 1581 2038 mu-

63 2063 155 2096 tetur,
178 2065 206 2088 et
229 2059 316 2098 hujus
336 2061 506 2091 mutationis
533 2063 679 2098 quantitas
701 2070 834 2093 mensura
860 2068 934 2091 certa
959 2061 1109 2098 diligenter
1128 2061 1307 2091 determinari
1335 2061 1444 2098 possit.

888 2115 917 2144 Δ
936 2121 953 2150 3
1496 2111 1526 2145 S·
1549 2115 1579 2139 2³
