1946 2517
621 250 650 303 Ι
739 249 793 305 N
885 252 964 306 D'
1031 255 1077 309 E
1168 258 1226 311 X

269 371 469 408 EORUM,
521 373 649 406 QUAE
695 375 907 400 SEPTIMO
950 376 1213 407 ANNALIUM
1259 383 1582 413 LEIDENSIUH

576 435 830 463 VOLUMINE
879 438 1238 470 CONTINENTUR.

185 527 324 558 Nomina
346 527 587 568 Prosessmum,
609 531 780 563 lectorum
806 539 837 564 et
860 534 1089 576 Magistrornm
1113 537 1390 585 Academicorum.

185 585 288 614 Series
310 585 498 616 Lectionum
523 586 556 616 in
579 587 749 619 Academia
774 590 1093 632 Lugduuo-Batava.

174 639 253 671 Acta
277 646 310 671 et
332 640 431 671 Gesta
456 642 489 672 in
514 643 632 673 Senatu
656 643 845 677 Academiae
866 646 971 689 Lugd.
990 651 1058 681 Bat.

174 696 211 726 C.
244 697 271 727 J.
303 706 380 728 VAN
411 698 564 730 ASSEN
594 700 717 732 Oratio.

171 751 200 783 J.
230 753 466 784 CLARISSE
497 756 620 787 Oratio.

173 807 276 838 Series
299 809 567 841 Dissertationum
595 813 831 855 inauguralium
856 817 983 858 publice
1005 818 1218 854 defensatum.

171 861 295 892 Judicia
333 862 482 894 classium
521 865 739 899 Professorum
778 871 968 905 Academiae
1004 876 1107 918 Lugd.
1135 879 1200 910 Bat.
1235 878 1275 910 de
1308 881 1652 918 Commentationibus

233 916 274 947 ad
298 917 511 960 Quaestiones
531 924 609 954 anni
637 936 896 961 cioiocccxxt
921 929 961 961 ad
989 941 1022 962 se
1049 933 1190 974 perlatis.

165 972 372 1014 Programma
403 986 563 1009 novarum
598 982 832 1022 Quaestionum
841 1009 850 1024 ‚
885 985 936 1019 die
967 986 988 1018 8
1011 987 1102 1020 Febr.
1137 991 1214 1022 anni
1240 1002 1259 1024 c
1270 1004 1279 1024 ι
1291 1004 1312 1025 0
1320 1004 1331 1025 1
1339 1004 1357 1025 ο
1365 1004 1383 1026 c
1392 1004 1436 1027 cc
1444 1006 1465 1026 x
1473 1006 1491 1027 x
1502 1007 1545 1030 τι.
1571 1008 1653 1041 prov

232 1035 422 1070 posltarum.

164 1081 407 1118 Commentatio
431 1089 470 1120 H.
493 1090 527 1122 P.
550 1090 596 1122 de
617 1094 750 1127 Kante
760 1107 788 1128 r.

427 1144 466 1173 G.
491 1145 767 1182 Wenkebach.

429 1200 468 1231 G.
492 1202 530 1231 H.
554 1201 660 1235 Cost
685 1205 877 1243 Jordens.

158 1264 406 1279 ———-
429 1257 466 1287 E.
488 1258 542 1287 Da
556 1258 659 1291 vids.

161 1208 279 1219 -—

160 1319 402 1334 ——..—--
426 1312 466 1342 G.
490 1312 672 1356 Delprat.

160 1363 272 1389 ⁸—-
295 1379 406 1390 —-
427 1368 456 1400 J.
489 1370 528 1402 R.
559 1380 635 1402 van
663 1373 849 1410 Maanen.

158 1553 297 1586 Nomina
318 1556 534 1593 professorum
558 1569 590 1595 et
612 1566 754 1599 Lector-is
775 1569 929 1603 Athenaei
952 1572 1271 1612 Amstelodamen‘sis,

132 1609 156 1637 S
182 1611 263 1641 eries
284 1613 474 1647 Lectionum
499 1619 533 1649 in
557 1620 726 1655 Athenaeo
748 1625 805 1657 illo
829 1627 1022 1663 habitarum.

164 1665 244 1697 Acta
266 1674 297 1698 et
322 1671 419 1702 Gesta
442 1673 476 1704 in
501 1676 618 1708 Senatu
640 1680 857 1714 Profe-ssorum
880 1686 1038 1720 Athenaei
1061 1689 1374 1726 Amstelodamensi&

155 1722 267 1758 oratio
290 1724 487 1768 inauguralis
508 1733 547 1765 H.
567 1735 810 1772 BOSSCHA.

840 1857 960 1872 -—

153 1910 257 1945 series
276 1915 465 1950 lactionum
489 1920 524 1951 in
546 1920 724 1958 seminario
745 1929 937 1972 Evangelico
961 1932 1250 1967 Amstelodamensi
1272 1936 1468 1975 habitarum,
