1946 2517
387 169 421 198 34
707 161 711 163 >
790 152 1130 185 G·U'L·1·ELM1
1187 153 1494 184 DELPRAT

424 242 462 271 11,
491 241 614 278 Κείσθω
639 240 660 269 i.
677 248 703 270 e.
723 239 933 275 ἀποπροηγμένα
961 238 1028 275 (1)
1050 237 1071 266 i.
1090 244 1116 266 e.
1137 245 1208 273 quae
1232 238 1430 269 aestimatione
1451 245 1559 269 carent.
1601 239 1641 269 Et
1661 240 1763 269 horum
1785 239 1904 278 rejecto-

387 300 449 320 rum
473 292 527 320 tria
550 297 619 319 sunt
645 298 761 327 genera:

426 343 483 380 a.)
513 342 561 371 Ea
584 351 658 380 quae:
680 341 722 371 ad
738 341 887 375 animum,
909 339 1072 374 hebetudo,
1093 340 1204 371 inertia.

426 398 483 435 b.)
512 398 561 426 Ea
583 405 656 435 quae
678 396 719 424 acl
747 401 870 434 corpus,
892 403 991 430 mors,
1016 393 1158 428 morbus,
1179 394 1251 422 mala
1276 393 1435 429 habitudo,
1456 393 1621 430 mutilatio,
1641 392 1807 430 turpitudo.

424 450 480 486 c.)
507 449 556 476 Ea
580 457 652 486 quae
674 453 763 476 extra
787 455 855 482 nos,
880 452 1052 482 pauperta5‚
1074 445 1259 480 obscuritas,
1287 445 1452 482 ignobilitas
1475 451 1531 474 cet.

425 500 476 528 ΙΙΙ.
505 500 616 528 Neutra
641 501 802 538 (οὐδετέρως
830 499 957 535 ἔχοντα)
985 506 1056 534 quae
1087 505 1180 533 neque
1210 497 1350 531 producta
1378 505 1471 532 neque
1502 497 1603 533 reJecta
1629 501 1718 531 sunt,
1749 503 1822 532 quae
1850 504 1899 525 ne·

389 559 445 587 que
475 551 657 586 appetitum,
685 558 778 586 neque
803 550 1008 578 aversationem
1036 555 1162 577 movent.
1192 547 1280 583 Diog.
1310 546 1350 576 L.
1372 548 1439 577 Vll.
1469 557 1531 585 104.
1575 547 1616 577 Ut
1639 556 1722 584 parea
1746 549 1777 576 in
1807 548 1899 584 capite

387 601 488 630 habere
514 602 659 638 capillos,
679 602 725 631 vel
750 602 894 637 impares,
916 602 960 630 vel
987 602 1133 630 extendere
1155 600 1201 628 vel
1224 599 1390 627 contrahere
1416 600 1554 636 digitum.

422 652 483 689 Jam
507 661 575 682 vero
601 653 627 682 si
652 652 729 682 hunc
753 653 920 681 stoicorum
952 652 1157 688 philosophiae
1181 651 1277 680 locum
1306 649 1450 679 erroribus
1475 659 1631 687 expurgare
1654 656 1704 680 aut
1726 657 1802 680 certe
1825 658 1901 680 erro·

387 712 431 733 res
452 704 577 733 indicare
603 705 761 740 vellemus,
783 704 917 738 Herculis
943 704 1039 732 labore
1060 703 1173 740 Augiae
1201 701 1314 731 stabula
1338 702 1521 738 expurgantis
1544 701 1630 738 fungi
1655 708 1837 731 tentaremus.

429 755 524 784 Primo
555 755 622 791 quis
648 756 699 784 has
726 755 885 784 divisiones
911 763 1079 791 percurrens
1105 763 1164 783 non
1198 753 1287 782 simul
1317 754 1393 782 dicet
1419 755 1468 782 cut*
1498 753 1592 782 bono?
1632 754 1671 782 lis
1701 753 1773 782 hanc
1799 754 1902 782 tribuit

388 805 541 835 utilitatem
563 806 688 842 Lipsius
716 806 754 836 L.
775 806 815 836 11.
843 807 916 836 diss.
935 815 982 844 24.
1023 826 1042 842 ‚,
1061 806 1138 834 Mihi
1161 805 1196 834 ad
1226 812 1284 834 rem
1306 803 1398 832 facere
1428 804 1561 834 videntur
1585 804 1650 841 ipsa
1676 804 1742 832 haec
1771 805 1855 833 verba
1874 805 1900 833 si

387 864 436 886 aut
463 857 574 886 frenum
605 855 732 894 cupidini
756 863 806 886 aut
829 857 981 886 stimulum
1011 857 1085 887 dare.
1126 855 1245 885 Nihilne
1267 855 1404 890 interest,
1425 862 1520 884 utrum
1540 855 1614 884 bona
1638 863 1673 884 an
1697 856 1836 892 producta
1851 863 1902 891 ap-

388 909 511 945 pellem,
532 909 557 937 si
578 909 670 944 bona,
699 908 804 937 incitor
830 914 857 936 et
880 915 1033 944 praesumo
1055 907 1224 943 appetenda.
1265 906 1316 935 Sin
1345 913 1439 935 autem
1465 907 1627 943 producta,
1645 906 1727 936 disco
1753 906 1824 936 fines
1848 907 1901 937 bo·

389 961 419 989 ni
448 967 583 998 tanget-e,
606 960 654 988 sed
670 960 782 996 judicio
810 960 911 988 debere
934 960 1046 989 induci.
1085 959 1154 995 Ipsa
1178 967 1248 988 voce
1272 958 1360 994 igitur
1382 959 1539 987 admoneor
1557 966 1617 987 non
1641 958 1727 987 nimis
1751 963 1779 987 et
1803 958 1899 991 statim

390 1012 514 1042 inhiare.
560 1012 636 1041 ldem
657 1011 685 1039 in
707 1010 742 1038 iis
768 1019 840 1046 quae
863 1012 933 1040 mala
958 1011 1048 1047 vulgo
1071 1011 1193 1046 dicunt,
1212 1012 1273 1047 ipse
1290 1011 1421 1045 rejecta,
1443 1010 1573 1047 intelligo
1597 1018 1657 1039 non
1679 1009 1765 1038 nimis
1783 1009 1901 1047 fugien-

388 1066 422 1094 da
448 1071 510 1092 esse
530 1069 557 1091 et
586 1062 748 1096 interdum,
772 1061 798 1089 si
820 1061 934 1089 virtutis
958 1061 988 1089 in
1007 1061 1045 1089 iis
1071 1061 1220 1094 materies,
1244 1061 1412 1097 appetenda.

428 1114 518 1143 Hisce
542 1113 625 1142 liceat
649 1119 797 1147 opponere
821 1113 983 1148 (quoniam
1008 1120 1121 1148 semper
1147 1112 1204 1141 fere
1226 1113 1293 1142 haec
1319 1112 1402 1141 etiam
1425 1118 1469 1141 est
1490 1111 1632 1145 Gassendi
1662 1116 1690 1140 et
1712 1110 1807 1148 Lipaii
1831 1120 1901 1142 con-

389 1164 533 1199 suetudo,
563 1170 595 1191 ut
621 1162 780 1200 obiectioni
809 1162 1019 1200 objectionem,
1041 1170 1069 1192 et
1092 1170 1237 1193 auctorem
1263 1164 1374 1193 auctori
1401 1164 1576 1201 opponant)
1601 1171 1653 1197 ea,
1680 1162 1819 1198 inquam,
1847 1173 1902 1200 op-

389 1224 495 1253 ponere
521 1223 593 1252 quae
621 1221 778 1244 occurrunt
805 1215 835 1244 in
856 1223 944 1252 supra
968 1215 1080 1244 laudata
1106 1215 1358 1246 Commentatione
1383 1224 1417 1251 p.
1442 1215 1506 1245 106.
1533 1222 1625 1250 eoque
1651 1214 1902 1250 magisquoniam

391 1275 450 1295 non
479 1266 667 1302 simpliciter,
689 1273 721 1294 ut
746 1266 869 1302 Lipsius
891 1273 920 1295 et
945 1265 1137 1302 Gassendus,
1160 1267 1242 1295 allata
1268 1265 1352 1295 verba
1380 1271 1537 1301 negantur,
1568 1264 1620 1293 sed
1647 1271 1676 1292 et
1695 1265 1819 1294 rationes
1837 1264 1906 1294 affe·

390 1326 493 1347 runtur
515 1326 568 1346 cur
595 1318 806 1353 improbentur.
861 1338 881 1353 „
902 1318 934 1346 Si
969 1319 1035 1353 quis
1062 1317 1280 1354 praeceptiones
1311 1316 1399 1352 huJ'us
1426 1315 1535 1351 generis
1566 1324 1582 1344 a
1612 1315 1724 1344 Stoicis
1762 1315 1904 1345 submini-

387 1375 512 1404 stratas,
534 1368 628 1397 animo
659 1376 686 1396 et
712 1368 889 1405 cogitatione
914 1375 1099 1404 percenseat,
1125 1374 1157 1396 ut
1188 1367 1255 1396 inde
1289 1373 1429 1395 summam
1457 1366 1609 1400 quamdam
1642 1365 1789 1400 doctrinae
1819 1366 1904 1395 colli·

392 1426 456 1457 gat,
485 1427 568 1454 quam
595 1419 626 1447 in
660 1419 787 1455 regundo
818 1419 937 1448 honoris
970 1419 1135 1455 gloriaeque
1171 1417 1270 1446 studio
1303 1424 1418 1445 normae
1442 1417 1507 1444 loco
1527 1422 1687 1450 sequatur,
1716 1424 1815 1451 parum
1842 1417 1903 1446 suis

390 1471 557 1500 consultum
586 1477 647 1498 esse
669 1469 850 1505 rationibus,
874 1470 1051 1505 Stoicosque
1076 1469 1128 1497 hac
1146 1469 1175 1497 in
1195 1476 1224 1496 re
1245 1468 1284 1495 ita
1304 1467 1410 1496 versari
1434 1466 1660 1502 animadvertet,
1683 1473 1714 1495 ut
1733 1467 1903 1504 philosophi

390 1522 539 1560 provincia
566 1521 718 1557 abdicata,
747 1528 848 1558 poetae
873 1528 967 1557 partes
990 1520 1148 1556 arripiant,
1169 1519 1318 1556 magisque
1343 1518 1476 1554 fingendo
1501 1518 1638 1546 delectare
1664 1525 1749 1553 quam
1773 1519 1903 1549 docendo

390 1574 528 1611 prodesse
546 1572 709 1602 videantur.
750 1572 869 1602 Videbit
891 1580 921 1601 se
945 1571 1081 1600 obrutum
1099 1570 1253 1599 verborum
1272 1576 1299 1597 et
1318 1569 1505 1605 partitionum
1524 1569 1629 1605 copia,
1650 1576 1681 1597 ut
1701 1569 1772 1605 quid
1790 1569 1902 1601 tandem

391 1626 520 1654 decernat
548 1624 724 1660 sequendum
755 1632 839 1659 esse,
861 1631 939 1652 mens
964 1622 1050 1650 dubia
1073 1622 1210 1650 trahatur.
1251 1621 1348 1655 Atque
1371 1620 1395 1648 si
1420 1619 1484 1655 quis
1511 1619 1617 1656 ingenii
1645 1621 1761 1650 solertia
1785 1621 1900 1657 adjutus

391 1683 423 1705 ex
450 1676 506 1703 hoc
539 1675 623 1710 quasi
649 1675 832 1710 Labyrintho
862 1682 891 1702 se
921 1674 1056 1702 extricare
1081 1673 1190 1706 valeat,
1218 1671 1369 1707 videatque
1395 1678 1466 1706 quas
1497 1671 1571 1707 leges
1601 1670 1630 1698 in
1654 1670 1826 1699 debellandis
1851 1677 1903 1697 cu-

391 1726 586 1764 piditatibus,
611 1727 730 1754 rationis
760 1727 860 1763 jugum
889 1723 1103 1753 excutientibus
1129 1724 1211 1758 sequi
1239 1723 1335 1758 ipsum
1360 1728 1508 1758 oporteat3
1531 1729 1598 1749 num
1624 1720 1757 1749 Porticus
1782 1720 1824 1748 illi
1852 1728 1898 1748 eas

391 1785 482 1806 rerum
511 1776 628 1805 notitias
655 1777 802 1813 expositas
829 1776 1055 1812 suppeditabit,
1088 1783 1158 1811 quae
1181 1781 1280 1803 omnes
1312 1773 1453 1809 ἐπιθυμίας
1485 1775 1533 1806 τῆς
1561 1773 1670 1806 ἀπαθῆς
1703 1771 1901 1808 depellant‘?”

387 1828 440 1858 Cf.
464 1827 548 1857 Hess.
575 1836 603 1863 p.
626 1829 690 1856 118.

431 1879 471 1908 Et
500 1885 674 1914 quamquam
702 1877 840 1914 (Lipsius
864 1876 895 1906 itt
918 1876 1011 1905 eadem
1037 1876 1109 1905 diss.
1128 1876 1190 1914 24)
1211 1875 1281 1904 dicit
1304 1872 1377 1930 *e
1400 1882 1459 1903 non
1481 1873 1576 1902 audite
1595 1873 1763 1904 Ciceronem
1787 1873 1905 1903 divisio·

1859 1930 1910 1954 nes

427 2006 493 2041 (ι)
513 2007 592 2040 Diog.
610 2008 697 2035 Lacr-t.
715 2007 778 2034 v11.
799 2013 856 2040 105.
892 2007 965 2034 Stob.
985 2013 1083 2041 p.173.
