1946 2517
994 78 1007 87 ι

249 167 290 193 4ο
611 158 724 198 JANI
764 159 1020 189 RUDOLPHI
1060 168 1131 190 vAN
1171 160 1399 191 MAANEN

251 245 298 273 dat
321 243 424 280 copia,
444 243 572 281 ejusdem
593 243 672 272 illius
702 242 850 278 elementi,
873 242 982 278 quique
1005 240 1175 277 aptissimus
1202 251 1270 280 ergo
1296 244 1428 280 videtur,
1454 249 1487 274 ut
1514 244 1583 275 bilis
1609 247 1760 279 secretioni

250 294 400 324 inserviat.

287 346 321 381 ἕ.
342 354 391 382 23.
432 345 589 375 Bilificatio
614 353 708 376 autem
732 355 797 375 cum
822 344 997 382 principium
1019 345 1236 382 inflammabile,
1265 346 1602 384 hydro-carbonaceum‚
1635 355 1666 377 ut
1690 358 1760 386 pro-

253 397 373 425 ductum
393 397 497 432 habet,
518 406 576 426 uon
599 397 641 425 uti
659 403 765 426 caetera
785 405 889 433 organa
907 396 1077 430 secretoria,
1094 404 1127 424 ex
1142 397 1281 433 sanguine
1298 397 1438 427 arterioso
1454 399 1601 435 materias,
1622 401 1760 429 secretio·

252 449 283 477 ni
300 448 509 483 inservientes,
531 449 639 477 trahere
653 456 754 486 posset
766 469 776 483 ‚
798 456 863 476 curn
882 447 999 484 sanguis
1015 448 1171 476 arteriosus
1189 449 1341 485 principiis
1363 450 1617 479 inflammabilibus
1634 459 1695 480 non
1706 451 1778 483 ab-.

251 500 359 535 undet,
381 500 429 528 sed
448 508 462 527 e
481 507 581 530 contra
597 507 643 530 sat
663 501 786 530 notabili
808 501 891 536 copia
907 500 1105 529 comburentis
1129 500 1264 536 oxygenii
1282 501 1412 537 gaudeat.
1454 502 1525 531 Bilis
1551 509 1619 531 vero
1640 511 1706 531 cum
1722 503 1757 531 ab

254 551 389 579 omnibus
414 551 531 580 secretis
556 551 727 580 materiebus
745 553 774 581 in
795 560 828 580 eo
848 551 958 580 differre
977 552 1126 586 videatur,
1150 551 1229 586 quod
1254 558 1368 579 constet
1394 560 1427 581 ex
1451 553 1651 589 aggregatione
1672 559 1759 583 mate-

253 603 356 631 rierum
373 603 625 632 inflammabilium
637 624 647 639 ‚
669 604 793 639 reliquae
809 612 876 632 vero
894 603 1022 632 materies
1044 608 1166 632 secretae
1182 610 1216 630 ex
1234 602 1383 638 particulis
1402 604 1490 639 magis
1511 603 1673 632 combustis
1686 624 1697 639 ,
1718 605 1758 633 ita

251 655 318 683 bilis
348 655 468 683 secretio
494 655 578 684 etiam
605 655 634 682 in
652 662 685 683 eo
709 654 820 683 differre
840 654 942 689 debet,
964 653 1042 688 quod
1064 653 1181 689 sanguis
1209 653 1275 681 huic
1298 653 1449 681 secretioni
1471 653 1628 683 inserviens
1645 663 1703 683 non
1723 663 1759 684 ex

256 705 394 734 arterioso
405 727 414 741 ‚
436 707 486 735 sed
501 714 517 735 e
534 715 642 735 venoso
661 711 816 742 systemate
832 705 990 732 hauriatur.
1029 703 1101 732 Bilis
1118 709 1209 731 autem
1228 711 1286 732 non
1303 710 1413 732 tantum
1428 712 1460 732 ex
1476 704 1613 734 carbonio
1627 725 1637 740 ,
1658 713 1757 734 verum

254 756 336 785 etiam
355 764 387 785 ex
405 757 593 794 Hydrogenio
609 763 745 792 constat3
767 764 891 791 cumque
909 754 1027 791 sanguis
1051 762 1135 782 venae
1158 762 1262 788 cavae,
1283 753 1420 782 carbonio
1440 761 1467 782 et
1485 755 1635 791 perexigua
1655 764 1766 792 oxygee

252 808 293 836 nii
311 808 471 843 quantitate
488 815 633 843 onustus,
656 808 717 844 ejus
742 806 895 836 secretioni
923 807 1018 835 minus
1042 812 1126 841 aptus
1151 805 1245 840 foret,
1267 811 1366 833 natura
1394 806 1444 834 hac
1467 805 1496 834 in
1521 813 1549 833 re
1572 807 1757 842 prospexisse

253 859 386 895 videtur,
408 860 568 895 adaptando
595 860 664 888 huic
683 858 731 886 fini
754 858 812 886 alio
835 858 1019 894 particulari,
1048 856 1139 893 tnagis
1164 864 1294 891 venoso‚
1315 861 1492 892 systemate,
1516 857 1595 891 quod
1618 858 1758 893 sanguine

255 909 408 946 insigniter
425 911 604 947 desoxydato
628 909 824 939 inflammabili
851 915 990 938 onustum
1011 915 1074 944 est,
1103 907 1239 943 quodque
1257 912 1381 943 systema
1407 914 1493 935 venae
1511 913 1655 942 portarurn
1674 916 1762 936 voca·

253 968 317 990 mus
339 962 421 999 (a).
462 961 558 999 Cujus
576 963 657 998 origo
683 970 699 989 e
723 960 883 990 ventriculo
902 965 929 987 et
954 958 1118 992 intestinis,
1141 964 1172 986 ut
1188 957 1272 986 Luca
1296 957 1416 992 scribit,
1448 977 1465 991 „
1487 956 1529 985 Ist
1553 957 1648 986 daher
1663 968 1709 987 um
1731 967 1761 987 so

253 1031 272 1046 ‚‚
291 1014 458 1050 wichtiger,
480 1013 524 1041 als
546 1011 658 1050 geracia
674 1010 751 1040 disse
771 1010 883 1048 gcbildc
895 1031 904 1045 ‚
934 1009 1066 1045 vermb'ge
1083 1009 1166 1036 ihrer
1179 1017 1297 1045 grosseti
1319 1006 1484 1043 Sauerstoff
1493 1027 1502 1042 ‚
1523 1009 1760 1037 consumitenden

251 1077 271 1092 ,η
294 1063 496 1099 Venami-mg
521 1062 582 1090 und
604 1063 751 1090 Secretion
775 1061 840 1089 sehr
857 1059 987 1097 ovichtigc
1009 1059 1147 1096 Organa,
1167 1067 1226 1087 zur
1242 1058 1400 1094 Bercitung
1422 1060 1496 1085 eines
1519 1058 1618 1086 hfichst
1642 1068 1762 1090 venosen

254 1133 271 1149 „
292 1113 391 1142 Blates
413 1113 535 1151 abgeben
556 1113 634 1150 (b).
1280 1134 1283 1138 .

290 1165 321 1201 5.
343 1174 393 1203 24.
433 1165 577 1193 Praeterea
597 1165 621 1193 si
635 1164 816 1193 attendamus
837 1163 871 1192 ad
898 1167 1071 1191 structuram
1095 1169 1182 1190 venae
1198 1167 1365 1197 portarum,
1387 1161 1422 1190 ad
1443 1162 1506 1198 ejus
1523 1160 1701 1197 divisiones,
1722 1161 1758 1191 ad

253 1216 315 1253 ejus
337 1216 542 1253 capacitatem,
564 1217 599 1245 ad
620 1217 771 1245 decursum
796 1214 965 1251 sanguinis,
987 1214 1021 1242 ad
1047 1212 1130 1241 lienis
1157 1212 1334 1241 evolationis
1356 1213 1492 1247 modum,
1512 1213 1546 1240 ad
1564 1212 1760 1242 evolutionem

253 1268 370 1295 arteriae
397 1267 564 1303 hepaticae,
593 1275 644 1295 nec
673 1276 731 1296 non
753 1267 916 1303 splenicae,
944 1271 1014 1293 tunc
1035 1265 1130 1293 omnia
1157 1264 1205 1293 illa
1231 1264 1357 1292 indicare
1385 1263 1540 1298 videntur,
1573 1271 1672 1292 venam
1696 1271 1768 1300 por-⁴

255 1323 345 1346 tarum
373 1318 401 1347 in
431 1318 531 1354 hepate
557 1318 652 1347 officio
680 1317 787 1355 fungi,
815 1326 874 1354 quo
896 1315 1012 1345 arteriae
1037 1314 1068 1343 in
1091 1315 1154 1343 aliis
1183 1314 1317 1351 organis,
1347 1314 1533 1343 secretionem
1560 1322 1662 1350 nempe
1685 1322 1764 1343 exer-

253 1375 361 1399 centes.

293 1421 417 1457 Sanguis
439 1428 534 1450 autem
557 1413 661 1451 a‘vena
680 1428 826 1457 portarum
846 1421 966 1455 allatus,
987 1428 1002 1448 a
1017 1420 1095 1448 venis
1112 1418 1253 1455 hepaticis
1268 1418 1412 1446 reducitur
1429 1418 1515 1454 longe
1532 1418 1638 1446 minori
1654 1418 1756 1454 copia,

254 1479 338 1507 qnam
361 1472 500 1501 advectus
522 1473 590 1502 fuit.

293 1523 372 1551 Vena
393 1530 539 1559 portarum
559 1525 639 1553 ducit
654 1523 821 1561 sanguinem
841 1523 876 1552 ad
893 1531 997 1559 organa
1012 1521 1180 1557 secretoria,
1201 1521 1328 1556 reliquae
1344 1528 1412 1549 vero
1425 1527 1512 1549 venae
1533 1520 1702 1557 sanguinem
1722 1520 1758 1549 ab

255 1575 369 1610 organis
391 1575 532 1603 reducunt
554 1575 632 1612 (c).

294 1626 385 1654 Adest
404 1627 591 1655 coexistentia
611 1627 638 1654 in
659 1626 766 1655 morbis
790 1625 922 1662 hepatis,
943 1624 972 1652 in
1001 1623 1107 1659 quibus
1132 1630 1201 1651 vena
1219 1626 1366 1658 portarum
1393 1621 1494 1650 affecta
1512 1628 1576 1657 est,
1596 1629 1662 1650 cum
1684 1628 1761 1649 mor-

255 1676 325 1704 bose
346 1684 451 1705 mutata
474 1677 539 1705 bilis
561 1678 733 1706 secretione.

292 1726 384 1754 Adest
401 1727 600 1755 convenientia
619 1727 691 1755 inter
712 1727 874 1763 qualitatem
894 1727 983 1760 bilis,
1005 1725 1141 1761 illamque
1161 1724 1316 1760 sanguinis
1341 1731 1428 1752 venae
1446 1730 1603 1759 portarum.

293 1777 383 1805 Adest
413 1779 602 1806 anastomosis
632 1778 704 1806 inter
729 1778 836 1806 orificia
864 1779 1030 1808 ultimorum
1057 1787 1196 1808 ramorum
1221 1786 1307 1808 venae
1329 1783 1475 1814 portarum
1494 1783 1521 1805 et
1549 1777 1689 1805 ductuum
1717 1777 1761 1806 bi-

1712 1828 1764 1856 lia-

278 1889 332 1916 (ὅ)
355 1891 392 1912 Cf·
408 1893 487 1917 va,
508 1890 569 1914 Illed,
584 1891 694 1917 Aftktop.
716 1892 740 1913 B.
759 1897 777 1913 1.
801 1893 820 1918 S.
835 1892 875 1919 36?
889 1898 911 1914 et
924 1899 974 1920 με.
1006 1892 1041 1915 Cf.
1064 1892 1174 1919 Romi-a,
1196 1892 1258 1914 Diu.
1272 1891 1297 1911 de
1315 1890 1379 1917 Bit'c,
1401 1889 1471 1916 §.100
1501 1890 1539 1912 Cs.
1555 1889 1672 1915 lValtlmr,
1694 1889 1761 1912 Libr.

253 1930 298 1951 [εἰ.
316 1930 340 1951 Β.
356 1935 376 1952 ι.
391 1930 410 1954 S.
425 1932 451 1955 83
464 1937 486 1952 et
502 1932 537 1957 97.
574 1933 610 1954 Cs.
626 1932 759 1952 Amcnricrh
772 1948 778 1959 ‚
795 1933 858 1958 I‘slw.
875 1935 916 1956 Ta.
936 1941 956 1957 ς.
973 1942 994 1961 p.
1006 1941 1042 1962 94·
1062 1935 1082 1962 §-
1098 1936 1148 1960 6⁴3.

280 1970 334 1997 (b)
349 1972 386 1994 cs.
403 1973 479 1998 Luca.
497 1973 561 1995 mbr.
579 1975 626 1996 crs.
642 1975 670 1996 T.
690 1980 708 1996 ι.
725 1982 746 2001 ιι.
762 1981 781 1999 4<
792 1980 811 2000 7-
829 1976 846 1999 ε.
862 1980 911 2000 37¹·

277 2011 325 2040 (ί)
347 2013 383 2035 Cs-
399 2013 495 2041 Part-13,
510 2015 581 2039 Anat,
599 2015 661 2037 Med,
679 2017 706 2038 '1'-
726 2021 747 2040 5.
762 2022 784 2043 p.
801 2017 851 2038 280.
882 2016 919 2040 Cs,
937 2016 1036 2044 Piera-r,
1052 2017 1114 2041 Med,
1129 2016 1251 2037 Realwre.
1269 2022 1291 2043 Γ.
1305 2015 1356 2038 20³.

1939 494 1946 627 —e-—as—
1939 470 1946 478 κ
1943 436 1946 445 -
