1946 2517
270 185 306 218 ‘224
610 168 725 208 JANI
766 161 1039 196 RUDOLPHI
1079 170 1149 190 VAN
1189 159 1415 190 MAANEN

279 259 413 298 atrophia
439 254 584 287 defunctis
597 274 606 288 ‚
638 249 814 286 corpuscula
836 245 1034 284 sphaeroidica
1053 244 1252 273 observarunt.
1295 244 1456 273 Secundum
1484 241 1589 270 Bichat
1609 241 1684 280 (a)
1703 241 1784 277 quod

281 312 437 343 moleculas
461 308 568 337 solidas
595 304 681 340 hujus
707 299 824 329 visceris
849 299 892 327 sic
919 296 1104 330 salutarunt,
1126 295 1166 322 nil
1193 295 1271 322 aliud
1297 301 1385 330 sunt,
1406 294 1462 322 nisi
1479 293 1628 330 glomeruli
1645 301 1783 322 vasorum

282 363 502 401 hepaticorum‚
526 363 649 393 quornm
676 353 799 389 quisque
826 358 858 379 ex
886 346 1051 389 ramusculo
1074 345 1190 373 arteriae
1215 345 1383 380 hepaticae,
1405 352 1491 373 venae
1509 350 1678 379 portarum,
1699 352 1787 373 venae

280 423 388 449 cavae,
410 421 443 440 ex
461 418 534 446 poro
553 406 667 435 biliario
681 425 691 440 ‚
715 411 748 432 ex
768 400 876 437 quovis
893 406 990 427 eorum
1010 396 1147 433 originem
1169 397 1290 426 ducente
1311 397 1377 434 (b)
1398 402 1425 424 et
1450 395 1651 425 verosimiliter
1670 403 1704 424 ex
1721 403 1789 424 vase

283 465 463 503 lymphatico
483 466 598 490 constat
620 458 697 495 (c).

322 515 507 554 Malpighius
525 511 625 539 acinos
649 508 716 536 illos
737 513 789 542 pro
811 503 890 532 cavis
909 500 1031 535 habuit,
1054 499 1134 535 quod
1152 506 1246 528 tamen
1272 499 1383 528 admitti
1411 507 1468 528 non
1498 505 1615 535 potest,
1643 509 1707 529 cum
1732 501 1788 530 hoc

286 570 311 599 si
335 570 430 596 locum
455 564 588 597 haberet,
612 559 740 588 materies
765 563 877 584 ceracea
894 553 995 590 injecta
1017 560 1050 580 ex
1075 559 1145 579 vena
1162 557 1311 586 portarum
1331 559 1391 579 non
1410 551 1509 578 statim
1531 552 1663 580 transiret
1686 537 1716 580 in
1734 552 1787 580 du-

283 625 350 649 ctus
368 617 498 646 biliferos
511 635 521 649 ‚
543 613 593 642 sed
614 618 720 639 moram
743 607 919 643 experiretur
938 603 1003 639 (d)
1023 608 1080 631 cet.

322 673 351 708 §.
373 677 421 706 39.
462 666 549 696 Acini
575 663 616 692 illi
644 660 754 693 duplici
782 655 944 687 substantia
966 654 1056 682 cincti
1080 654 1233 687 videntur,
1262 653 1350 681 altera
1378 651 1557 688 rubicunda,
1585 653 1672 682 altera
1696 652 1789 688 flava,

284 730 369 760 quam
393 718 593 755 duplicitatem
619 713 745 741 Fert-cm
771 709 880 746 primus
907 705 1080 734 distinxisse
1104 703 1234 739 videtur,
1259 704 1401 740 cujusque
1420 702 1530 730 Hallcr
1553 709 1580 730 et
1602 702 1689 731 Gunz
1707 703 1793 731 etiam

281 774 452 803 mentionem
482 767 593 796 faciunt
614 766 688 802 (e).
739 757 917 789 Autemt'eth
941 761 968 783 et
994 754 1110 783 Meet-el
1130 754 1208 783 illius
1233 754 1412 782 existentiam
1437 752 1607 782 confirmant
1626 753 1699 790 (s).
1741 753 1791 781 Bi-

284 827 353 854 chat
372 824 406 852 de
430 822 481 850 hac
500 816 685 847 distinctione
703 812 773 842 mihi
790 808 872 845 loqui
891 815 950 836 non
967 806 1100 842 videtur3
1125 805 1295 834 mentionem
1324 811 1433 834 tantum
1462 803 1533 833 facit
1550 811 1723 840 punctorum
1743 805 1792 833 fla.

283 882 407 908 vorum,
436 878 509 907 quae
535 865 691 902 aliquando
717 863 795 891 nudo
818 860 904 888 oculo
924 858 954 887 in
980 857 1106 886 dissecto
1131 856 1232 892 hepate
1252 856 1385 891 conspici
1418 856 1534 890 valent,
1566 861 1594 883 et
1621 856 1794 884 verosimili·

283 933 326 955 ter
346 923 420 953 ostia
444 927 514 950 sunt
540 919 730 948 dissectorum
757 917 895 949 potorum
920 908 1098 937 biliferorum
1113 928 1124 943 ,
1152 908 1211 935 bile
1235 907 1408 943 turgentium
1430 907 1506 942 (g).
1547 905 1656 933 Portal
1671 905 1791 940 scribit,

287 977 413 1005 Fert-cin
433 972 563 1010 gratuito
587 968 745 1001 asserisse,
775 963 888 999 hepatis
911 960 1009 989 acinos
1030 968 1063 987 ex
1085 959 1197 987 duabus
1218 957 1390 986 substantiis
1411 955 1593 991 compositos
1623 963 1686 983 esse
1708 956 1785 992 (h).

284 1028 379 1057 Seiler
404 1024 569 1059 frequenter
590 1018 724 1049 distinxit
750 1016 849 1044 flavam
873 1011 1062 1041 substantiam
1091 1011 1120 1038 in
1145 1009 1248 1045 hepate
1275 1008 1449 1041 obesorum,
1471 1014 1529 1034 non
1548 1013 1615 1033 vero
1634 1006 1664 1033 in
1680 1005 1730 1033 illo
1747 1013 1792 1033 se-

287 1085 370 1109 num.
417 1074 616 1103 Substantiam
645 1071 719 1099 hanc
743 1066 872 1096 nominat
899 1063 1085 1096 corticalem‚
1121 1061 1234 1088 alteram
1271 1066 1339 1086 vero
1373 1056 1631 1091 brume-rubram,
1660 1054 1796 1082 medulla-

288 1137 348 1158 rem
371 1127 445 1164 (ι’).
488 1121 667 1154 Autcnrieth
683 1126 710 1149 et
725 1117 842 1147 Meckel
858 1116 931 1144 hanc
947 1114 1049 1143 dicunt
1070 1111 1231 1141 corticalem
1243 1130 1254 1145 ‚
1274 1110 1352 1138 illam
1368 1117 1435 1139 vero
1458 1108 1648 1138 medullarem.
1689 1106 1798 1136 Secun-

288 1181 356 1210 dum
377 1179 462 1208 Luca
477 1197 488 1213 ‚
512 1176 542 1205 in
563 1173 698 1205 omnibus
719 1169 898 1203 individuis,
923 1163 1064 1202 distingui
1082 1168 1208 1201 possunt
1228 1161 1309 1198 (k).

314 1271 365 1298 (ι)
387 1269 425 1292 cf.
443 1268 542 1295 Bicltar,
567 1270 639 1290 Anat.
656 1262 771 1290 Descript.
794 1262 822 1284 T.
839 1265 860 1287 5.
880 1267 904 1288 p.
920 1265 956 1287 91.

315 1311 371 1338 (b)
394 1310 430 1332 Cf,
446 1307 601 1334 Autenrietlr,
622 1307 687 1332 Phys,
709 1306 752 1328 Th.
770 1311 792 1327 2.
814 1310 836 1330 p,
855 1304 893 1330 84.
917 1298 1000 1326 §.641-

317 1351 369 1378 (c)
391 1351 427 1373 ef.
441 1348 587 1370 Blumenbach
598 1361 605 1372 ‚
620 1347 676 1367 Inst.
694 1345 760 1371 Phys.
777 1343 799 1370 §-
812 1349 862 1371 374.
891 1341 928 1364 cf.
945 1338 1103 1366 Hildebrana,
1120 1336 1174 1360 Lib.
1189 1336 1235 1357 εἰν,
1251 1337 1272 1362 §-
1286 1339 1352 1361 2113.
1381 1349 1384 1352 ,

318 1392 368 1420 (d)
391 1392 429 1414 Cf.
445 1390 540 1417 Houor,
562 1389 633 1410 Elem.
651 1387 715 1413 Phys.
732 1388 760 1408 T.
777 1384 800 1407 6.
817 1385 842 1407 L.
856 1388 892 1408 23.
910 1384 930 1404 S.
944 1387 964 1403 ι.
983 1380 1002 1407 §.
1014 1386 1048 1406 27.

318 1433 371 1462 (a)
393 1432 431 1455 Cf.
447 1430 543 1457 Halm,
557 1429 628 1449 Eleu.
644 1427 709 1453 Phys,
725 1428 753 1449 T.
766 1427 790 1448 6.
805 1426 832 1447 L.
847 1431 882 1450 23-
897 1426 919 1445 s.
935 1429 954 1445 ι,
969 1422 989 1446 §-
1003 1427 1040 1449 ²⁴·
1069 1421 1148 1447 Gunz,
1164 1419 1213 1439 0115.
1230 1417 1291 1437 circa
1307 1413 1364 1442 Hcp.
1381 1421 1404 1442 p.
1420 1420 1456 1440 30,

319 1473 372 1499 (f)
390 1473 428 1495 Cf.
447 1470 584 1492 Autenvictli
601 1469 624 1491 in
641 1468 703 1489 Reils
716 1467 787 1489 Arcla.
804 1466 827 1492 f.
841 1465 863 1489 d.
880 1463 922 1485 Ph.
937 1464 961 1486 B.
974 1469 996 1489 7.
1012 1467 1041 1486 st.
1053 1466 1076 1484 Ω.
1092 1466 1173 1489 9499.
1201 1458 1238 1482 ef.
1253 1456 1354 1482 Merkel,
1375 1454 1464 1478 Handb.
1477 1452 1516 1474 der
1531 1452 1565 1477 M,
1579 1452 1625 1477 An,
1640 1452 1665 1476 Β.
1679 1458 1702 1480 4.
1717 1459 1741 1481 p.
1754 1458 1805 1481 340.

318 1515 372 1541 (g)
392 1513 431 1535 Cf,
450 1512 548 1538 ΒίεΙιω,
563 1511 634 1532 Anat.
650 1509 763 1535 Descn'pt.
786 1509 813 1529 T.
833 1513 853 1533 5.
875 1513 897 1533 p.
912 1510 948 1533 92.

323 1554 373 1583 (1²)
397 1554 435 1575 Cf.
452 1551 546 1579 ΡσηαΙ,
563 1552 634 1573 Anat,
650 1549 711 1571 Med.
729 1550 754 1572 T.
768 1554 789 1574 5.
807 1555 830 1576 p.
849 1549 898 1573 278·

322 1595 374 1622 (ι’)
393 1595 432 1618 Cf.
447 1593 520 1614 Seuer
535 1594 559 1614 in
576 1592 659 1614 Pierer
674 1591 736 1612 Med.
755 1589 840 1611 Raalw.
862 1588 887 1610 Β.
902 1594 924 1614 4·
948 1594 970 1615 p.
987 1592 1039 1615 5⁷32.

320 1636 378 1664 (k)
393 1635 432 1658 Cf.
447 1634 525 1663 Luca,
546 1632 610 1655 Mna.
625 1632 736 1660 Antlirap.
760 1632 788 1654 T.
805 1635 825 1653 ι.
849 1635 872 1657 p.
885 1634 937 1656 4¹4·
958 1628 977 1656 ς.
994 1633 1046 1657 375.

1036 1799 1079 1842 ἒὲἓ

1680 2031 1817 2062 CAPUT
