1946 2517
321 183 360 208 ιο
741 168 1363 207 J.CLARISSE,

320 260 438 291 dumve
460 256 681 289 accedentibus
709 267 853 299 unquam
876 262 983 299 postea
1007 256 1152 288 excidere
1179 268 1200 299 p
1215 257 1278 287 =ssit
1303 256 1402 295 illud,
1431 256 1519 300 quod
1545 257 1781 290 Germanorum

319 316 414 347 docto
433 314 559 346 cuidam
582 314 668 350 viro,
686 313 752 343 visa
776 319 881 342 nostra
909 311 1122 348 Bibliotheca,
1143 310 1316 350 excidisse,
1340 323 1406 344 non
1431 316 1499 345 siue
1517 313 1637 344 doloris
1659 324 1776 353 sensu,

317 373 511 414 accepimus:
545 382 561 398 α
584 372 699 401 Minuit
720 371 901 411 praesentc'a
926 368 1099 403 lamam!”
1143 370 1190 399 Tu
1215 367 1356 411 profecto
1381 369 1490 406 dabis,
1523 377 1558 400 ut
1586 371 1651 411 jam
1677 369 1779 408 tacis,

318 437 469 470 operam,
499 432 535 457 ut
563 428 596 457 in
628 431 789 467 posterum
818 423 932 455 famam
951 426 1071 467 Sugeat
1101 425 1284 466 praesentia.
1340 428 1414 464 Quo
1445 427 1622 468 impensius
1645 433 1676 458 et
1706 426 1780 457 Tibi-

319 493 455 520 novam,
477 492 538 523 qua
560 492 577 512 a
601 484 684 523 Rege
705 487 837 512 ornatus
860 492 908 517 es,
934 483 1082 520 primarii
1109 480 1344 512 Bt‘bla'otlzecarc'i
1363 481 1572 524 dignitatem,
1605 489 1636 513 et
1662 482 1783 514 Biblioo

320 538 427 570 thecae
449 536 652 568 Academicae
672 537 711 567 de
729 538 772 568 Te
789 539 817 568 ei
840 536 1016 579 praefectO,
1039 538 1247 579 gratulamur.

362 592 422 624 Sed
452 592 650 623 redeundum
688 603 742 631 eo,
774 593 861 624 unde
891 593 1059 634 paululum
1086 592 1250 625 deflexisse
1282 594 1427 626 videatur
1454 596 1567 627 oratio.
1620 596 1784 627 Nimirum

321 647 370 686 id,
404 648 492 691 quod
521 648 678 686 diximus,
711 649 745 679 in
767 649 931 687 sectanda,
965 660 1046 692 quae
1073 650 1255 682 Academiis
1285 651 1492 683 custodienda
1517 652 1685 683 commissa
1712 658 1781 689 est,

320 706 523 744 Eruditione‚
548 705 773 748 philosopham
798 707 1016 749 cognitionem
1042 709 1215 738 arctissime
1239 708 1438 749 jungendam
1464 719 1532 739 esse
1557 718 1633 740 cum
1654 708 1782 739 histori-

320 773 371 800 ca,
393 768 424 792 et
439 761 522 793 hanc
540 772 613 792 cum
632 761 705 800 illa,
728 772 795 804 quo
809 761 939 793 demum
959 763 1079 804 valeat,
1100 763 1259 795 currendo
1275 774 1331 807 per
1348 765 1516 807 praecipua
1530 764 1782 808 Disciplinarum

319 829 452 862 genera,
477 818 616 850 breviter
639 825 687 850 est
711 818 960 853 ostendendum.

362 931 522 973 Principio
549 931 646 974 igitur
673 931 713 963 de
738 933 868 970 litet-ck,
902 943 985 975 quae
1007 935 1123 966 eximie
1155 934 1328 972 dicuntur,
1363 940 1394 966 et
1426 931 1625 975 Philologiae
1652 931 1787 972 studio,

319 998 378 1020 nec
401 998 467 1018 non
488 987 527 1018 de
547 989 684 1018 Historia
701 994 733 1018 et
752 988 860 1020 studio
875 991 1082 1033 Ancc'qm’tan's
1103 991 1275 1022 dicendum
1301 997 1355 1021 est.
1402 991 1499 1021 Hasce
1519 999 1596 1020 vero
1620 989 1782 1020 doctrinas

319 1054 432 1075 omnes
458 1043 552 1074 rebus
579 1045 728 1087 occupari
757 1045 793 1076 in
819 1043 902 1076 facto
927 1047 1058 1088 positis,
1079 1047 1159 1090 quid
1186 1058 1268 1089 opus
1293 1049 1333 1078 sit
1355 1045 1459 1078 dedita
1482 1046 1649 1077 ostendere
1663 1046 1785 1088 opera?

319 1101 450 1140 Ineptus
477 1098 620 1141 profecto
644 1101 705 1137 sit,
738 1101 796 1142 qui
818 1102 944 1143 praevia
973 1102 1196 1140 meditatione,
1228 1102 1308 1144 quid
1334 1103 1368 1133 in
1399 1102 1486 1132 hisce
1505 1112 1617 1132 verum
1643 1112 1711 1133 esse
1733 1100 1784 1133 vel

321 1156 440 1199 possit,
464 1153 514 1186 vel
530 1154 609 1185 adeo
627 1154 756 1192 debeat,
780 1157 954 1198 expiscari,
976 1157 1095 1189 nedum
1123 1157 1293 1189 decernere
1318 1157 1489 1196 audacter,
1510 1157 1674 1188 sustineat.
1718 1157 1784 1189 Ob·

322 1211 500 1242 servatione
521 1221 654 1249 eorum,
689 1222 771 1253 quae
795 1213 859 1243 sint
883 1213 933 1244 vel
961 1214 1098 1251 fuerint,
1131 1217 1240 1246 omnia
1263 1214 1315 1245 hic
1335 1219 1492 1247 constant.
1536 1214 1692 1254 Quisnam
1717 1212 1786 1245 fue·

321 1270 363 1299 rit
382 1266 533 1309 loquendi
563 1277 639 1297 usus
664 1267 751 1309 apud
781 1269 959 1301 Orientales
985 1270 1142 1313 populos,
1173 1277 1228 1301 aut
1247 1272 1402 1308 Graecos,
1431 1276 1485 1300 aut
1513 1270 1662 1309 Latinos,
1695 1273 1786 1312 isque

320 1324 371 1354 vel
386 1323 587 1361 communis,
610 1323 660 1353 vel
686 1329 803 1362 sectae,
827 1325 994 1367 religioni,
1015 1328 1129 1364 aetati,
1152 1327 1296 1369 regioni,
1321 1327 1468 1369 scriptori
1492 1325 1632 1368 demque
1655 1325 1784 1369 singulo

321 1382 490 1423 proprius;
513 1380 663 1421 quisnam
686 1379 856 1412 verborum
876 1382 961 1424 apud
983 1383 1123 1426 aliquem
1144 1385 1331 1426 scriptorem
1347 1393 1459 1413 sensus
1481 1383 1545 1421 sit;
1574 1389 1683 1414 utrum
1705 1393 1789 1425 opus

322 1435 452 1478 aliquod
471 1435 636 1477 scriptori,
660 1436 754 1477 cujus
771 1448 889 1468 nomen
915 1449 988 1481 prae
1002 1449 1034 1470 se
1052 1439 1149 1476 ferat,
1174 1441 1288 1470 merito
1309 1449 1350 1469 an
1368 1449 1531 1482 perperam
1543 1463 1551 1477 ,
1575 1439 1750 1478 tribuatur;
1767 1450 1788 1471 e

322 1491 523 1523 documentis
553 1490 708 1522 duntaxat
735 1492 914 1533 historicis,
943 1506 1009 1526 non
1037 1506 1055 1526 e
1085 1495 1365 1538 contemplationis
1394 1494 1604 1538 philosophae
1632 1497 1789 1537 argutiis,

320 1548 402 1580 effici
426 1553 538 1590 potest.
584 1548 707 1587 Quodsi
734 1547 871 1590 fuerint,
894 1553 950 1593 qui
966 1562 1057 1582 secus
1084 1552 1257 1588 sentirent,
1283 1553 1350 1582 sive
1372 1551 1406 1581 in
1432 1552 1545 1590 sacris,
1566 1551 1634 1582 sive
1655 1552 1688 1582 in
1716 1552 1787 1582 aliis

321 1603 412 1634 libris
437 1610 490 1634 aut
506 1603 686 1644 judicandis
710 1611 765 1635 aut
782 1606 1043 1648 interpretandis,
1066 1619 1178 1638 eorum
1202 1608 1371 1638 vanitatem
1403 1606 1462 1637 hac
1483 1607 1518 1637 in
1549 1617 1642 1638 causa
1662 1607 1787 1637 dudum

323 1660 527 1702 exploserunt
553 1666 584 1690 et
613 1660 681 1696 alii,
716 1666 767 1696 et,
799 1663 854 1703 qni
881 1673 964 1694 unus
986 1671 1034 1694 est
1059 1665 1157 1695 instar
1187 1664 1354 1699 omnium,
1385 1672 1613 1693 nnsesrtns.
1659 1662 1718 1693 Sed
1747 1662 1787 1693 de

323 1718 459 1748 Historia
480 1715 562 1745 idem
592 1715 683 1757 plane
710 1715 899 1756 dicendum,
930 1719 969 1750 de
992 1729 1056 1762 qua
1081 1721 1107 1750 si
1134 1721 1208 1761 quis
1236 1719 1270 1749 in
1294 1724 1506 1756 antecessum,
1541 1728 1608 1748 non
1631 1720 1786 1750 consultis

323 1774 513 1803 testimoniis
535 1782 639 1801 rerum
665 1779 695 1802 et
724 1772 942 1812 documentis,
974 1775 1095 1816 aliquid
1129 1774 1262 1805 desinire
1289 1773 1382 1811 velit,
1416 1784 1475 1804 nae
1502 1774 1527 1804 is
1553 1773 1726 1806 stultorum
1752 1787 1788 1808 o·

325 1839 450 1859 mnium
467 1826 674 1858 stultissimus
704 1827 867 1860 habendus
892 1838 949 1862 est.
995 1834 1196 1873 Quamquam
1221 1841 1286 1861 non
1306 1828 1475 1861 defuerunt
1501 1830 1590 1859 omni
1617 1833 1787 1873 memoria,

323 1894 378 1925 qui
411 1882 588 1924 argutando
613 1889 644 1913 et
669 1883 927 1926 philosophando
945 1886 983 1916 de
1010 1887 1065 1923 iis,
1097 1897 1178 1928 quae
1205 1886 1273 1917 fieri
1299 1886 1348 1916 vel
1373 1896 1438 1916 nou
1466 1884 1535 1915 ficri
1560 1892 1613 1916 aut
1645 1895 1788 1929 potuisse

324 1945 378 1969 aut
403 1937 547 1970 debuisse
579 1941 813 1978 existimarent,
849 1948 881 1972 et
913 1943 945 1972 in
976 1943 1240 1984 Pyrrhonismum
1269 1941 1457 1973 historicum
1493 1943 1640 1973 incautos
1677 1954 1787 1974 secum

1732 2006 1792 2035 lra-
