1946 2517
344 125 380 154 16
750 122 1090 154 GULIELMI
1149 122 1450 153 DELPRAT

348 206 375 235 ei
401 207 573 244 objiceretur
591 206 750 243 periculum
775 207 940 243 systematis
965 206 1043 242 quod
1068 206 1243 241 voluptatem
1268 205 1468 240 commendat,
1506 205 1641 240 quodque
1665 204 1754 241 igitur
1784 204 1850 234 huic

348 258 480 294 opinioni
512 267 607 288 ansam
632 259 770 295 praebet:
808 259 833 285 si
856 258 1033 293 voluptatem
1070 264 1156 284 meam
1191 264 1301 291 augeo,
1335 256 1449 284 felicior
1482 255 1553 283 ero‘.²
1582 255 1724 291 Minime,
1757 255 1853 291 inquit

345 310 513 345 Epicurus:
543 310 637 345 augeri
666 318 724 338 non
751 314 863 344 potest,
891 307 990 336 variari
1013 308 1211 336 tantummodo
1237 314 1263 336 et
1288 307 1436 343 distingui.
1480 306 1533 335 Sed
1551 314 1645 335 nonne
1665 307 1775 341 homo,
1805 314 1853 335 va-

345 363 419 390 rium
444 369 469 390 et
493 362 628 390 mutabile
648 369 779 397 semper,
811 359 973 388 felicitatem
1001 360 1104 388 variare
1127 358 1236 394 cupit?
1272 358 1334 395 Jam
1362 366 1429 386 vero
1455 358 1601 393 quomodo
1624 357 1789 394 prohibebis
1817 364 1853 385 nc

346 412 509 440 felicitatem
535 421 614 440 suam
639 412 707 440 adeo
732 412 841 446 variet,
872 417 902 439 ut
926 419 983 439 non
1005 411 1127 446 amplius
1154 410 1311 438 indolentia
1341 409 1399 445 sit,
1427 409 1476 438 sed
1498 410 1532 438 ab
1558 417 1588 438 ea
1610 417 1729 445 prorsus
1749 407 1853 437 distin-

341 470 409 498 cta,
433 464 483 491 secl
508 464 641 498 voluptas
670 462 699 491 in
724 469 826 498 motu,
847 468 995 498 tantopere
1019 470 1034 490 a
1059 468 1088 489 te
1113 460 1305 497 exprobrata?

382 514 430 542 Sic
456 514 524 549 ille,
546 514 597 549 qui
625 514 653 542 ln
674 514 825 549 voluptate
846 521 988 542 summum
1017 512 1122 540 bonum
1150 512 1252 548 ponit,
1282 512 1411 547 quique,
1440 520 1474 540 ne
1500 512 1567 540 haec
1594 511 1733 540 sententia
1758 510 1851 547 turpis

343 565 505 600 videretur,
526 565 702 601 voluptatem
729 564 886 601 negativam
919 572 950 592 se
978 562 1136 598 intelligere
1165 562 1231 598 ait,
1261 563 1355 590 omnia
1389 563 1470 598 quasi
1495 568 1652 598 pervertere
1688 562 1789 596 debet,
1817 567 1850 590 ut

342 616 415 644 hanc
443 617 618 652 voluptatem
646 617 772 646 condiat.
815 615 862 644 Sic
889 615 989 643 statuit
1012 615 1189 650 voluptatem
1212 622 1368 649 numquam
1387 622 1473 650 posse
1501 614 1618 650 augeri,
1641 621 1699 642 non
1722 619 1848 648 tempore

343 674 487 696 crescere:
521 673 548 695 et
572 667 647 696 illud
673 675 792 703 qnoque
820 666 1016 703 excogitavit,
1049 667 1129 702 quod
1162 666 1192 694 in
1223 666 1373 701 voluptate
1406 673 1491 701 quarn
1526 664 1595 692 dicit
1630 664 1760 701 negativa
1789 663 1849 692 fieri

336 717 456 753 possit,
478 718 618 747 bonorum
648 718 759 747 scilieet
788 718 1024 746 recordationem.

379 768 455 796 Ante
479 769 574 798 omnia
598 769 671 799 illud
695 769 879 797 observemus
899 769 953 797 hoc
973 770 1076 806 dogma
1094 769 1196 798 tollere
1212 768 1283 797 illud
1308 769 1386 804 quod
1409 768 1556 805 Epicurus
1583 768 1655 798 dixit
1669 788 1678 804 ,
1703 776 1761 798 non
1781 776 1851 804 pos·

337 826 369 846 se
391 820 518 856 jucunde
541 821 622 854 vivi,
651 820 708 849 nisi
734 820 872 857 h011este;
902 828 965 848 nam
994 827 1022 849 et
1052 821 1150 857 pravis
1172 820 1238 848 licet
1264 819 1413 855 voluptate
1439 817 1644 847 recordationis
1668 817 1745 852 frui,
1772 817 1850 846 ideo-

340 878 396 905 que
419 871 554 907 voluptas
581 871 723 907 Epicurea
751 880 766 900 a
791 871 897 900 virtute
922 872 1045 907 separari
1072 877 1179 908 potest.
1228 870 1340 898 Deinde
1364 877 1553 905 quorumnam
1586 868 1728 898 bonorum
1755 876 1850 896 recor-

342 914 496 950 dabimur?
537 922 700 959 Corporeas
727 924 890 958 voluptates
925 922 954 950 in
982 928 1063 951 motu
1095 930 1126 951 se
1150 921 1263 958 rejicere
1305 920 1375 949 dicit
1401 921 1563 956 Epicurus:
1596 927 1654 949 non
1686 918 1737 948 has
1760 918 1850 955 igitur

337 972 478 1000 recordari
509 972 658 1002 debemus.
707 974 797 1010 Igitur
827 975 861 1002 de
895 973 981 1002 animi
1015 973 1163 1009 voluptate
1191 972 1304 1008 agitur,
1333 972 1367 999 de
1389 970 1610 1006 tranquillitatis
1641 969 1846 998 recordatione.

334 1022 514 1059 Quamquam
541 1031 634 1052 autem
659 1025 808 1060 Epicurus
833 1032 892 1053 non
921 1025 1062 1060 torpentis
1086 1030 1193 1052 statum
1217 1031 1248 1051 se
1270 1022 1428 1057 intelligere
1451 1020 1638 1057 profiteatur,
1660 1026 1753 1048 tamen
1769 1026 1845 1048 tran-

338 1073 488 1108 quillitatis
516 1075 675 1103 recordatio
710 1075 844 1111 languida
875 1081 940 1111 est,
964 1080 992 1103 et
1017 1074 1180 1104 felicitatem
1207 1073 1257 1102 vix
1283 1071 1428 1108 praebebit
1452 1071 1509 1100 nisi
1534 1071 1559 1099 ei
1583 1071 1771 1108 adjungamus
1792 1078 1845 1099 vo-

333 1124 458 1160 luptates
481 1126 615 1160 quasdam
641 1125 784 1161 positivas
808 1127 892 1163 (1).
1765 1122 1769 1126 '

372 1177 480 1205 Verum
512 1183 664 1212 propterea
695 1177 768 1205 hanc
796 1177 1019 1206 recordationem
1047 1177 1228 1207 commendat
1251 1197 1261 1211 ,
1292 1175 1428 1211 quoniam
1456 1174 1518 1203 sola
1539 1173 1688 1209 praeterita
1715 1173 1790 1202 bona
1814 1172 1844 1202 in

337 1226 431 1255 solido
454 1233 523 1256 sunt
549 1227 662 1263 posita,
692 1227 853 1263 praesentia
878 1236 945 1257 vero
978 1229 1084 1258 incerta
1110 1234 1179 1257 sunt
1200 1224 1285 1266 (25.
1328 1226 1369 1254 At
1391 1225 1484 1261 primo
1515 1232 1575 1253 non
1599 1224 1666 1253 licet
1694 1223 1840 1260 Epicureo

333 1283 456 1305 metuere
478 1286 513 1307 ne
535 1278 613 1307 bona
636 1279 770 1314 amittat3
794 1279 842 1307 sed
873 1286 1013 1314 praeterea
1035 1280 1061 1308 si
1086 1278 1241 1316 praesentia
1266 1277 1341 1306 bona
1366 1276 1506 1305 interdum
1531 1275 1704 1304 certitudine
1724 1280 1840 1313 carent,

334 1327 487 1357 manifesto
511 1329 557 1357 hic
584 1329 713 1357 defectus
736 1336 940 1366 compensatur
964 1331 1090 1366 pleniore
1113 1337 1141 1358 et
1160 1329 1303 1358 vividiore
1325 1327 1522 1363 perceptione.

369 1379 501 1413 Denique
536 1379 645 1408 infelici
671 1381 827 1409 recordatio
863 1381 1024 1415 bonorum,
1053 1388 1176 1416 quorum
1208 1380 1251 1408 nil
1279 1378 1336 1407 nisi
1363 1376 1496 1406 memoria
1521 1375 1546 1404 ei
1573 1381 1678 1412 restat,
1707 1376 1839 1413 profecto

332 1429 446 1458 minime
468 1436 533 1465 apta
560 1430 672 1458 videtur
701 1432 735 1459 ad
760 1431 924 1460 felicitatem
945 1431 1242 1467 tranquillitatemque
1275 1429 1437 1465 parandam.
1479 1426 1527 1455 Sic
1556 1426 1602 1455 vir
1626 1435 1708 1462 quem
1733 1427 1842 1456 sollici·

333 1480 445 1509 tudines
474 1481 624 1517 variaeque
647 1490 731 1510 curae
757 1488 911 1517 premunt,
932 1482 1155 1512 recordationem
1183 1480 1353 1518 juvenilium
1378 1484 1551 1513 temporum,
1569 1478 1728 1515 (quantum
1748 1477 1840 1507 diver-

333 1539 430 1559 sorum
447 1540 462 1560 a
483 1538 611 1567 tempore
628 1533 657 1561 in
679 1541 737 1568 quo
753 1541 830 1562 nunc
849 1533 1081 1570 versatur,)vix
1102 1541 1134 1561 ac
1146 1540 1181 1561 ne
1190 1533 1238 1561 vix
1249 1531 1365 1568 quidem
1379 1535 1518 1565 usurpare
1530 1534 1646 1564 potest,
1660 1529 1730 1564 quin
1739 1529 1838 1562 dolore

327 1582 485 1617 afficiatur,
508 1584 578 1618 quin
601 1591 635 1612 eo
653 1584 742 1620 magis
764 1590 877 1621 tempus
902 1584 1058 1620 desideret,
1080 1592 1139 1620 quo
1155 1589 1319 1620 praesentes
1337 1579 1527 1618 aegritudines
1544 1587 1579 1609 ne
1593 1580 1707 1608 nomine
1722 1579 1838 1616 quidem

328 1634 533 1669 cognoscebat.

369 1684 504 1718 Denique
536 1691 567 1713 ut
603 1685 637 1713 de
667 1685 813 1715 Felicitate
846 1686 923 1716 hunc
957 1688 1053 1716 locum
1090 1687 1235 1716 absolvam
1255 1705 1266 1722 ‚
1297 1691 1432 1722 quaenam
1469 1682 1571 1711 solatia
1597 1681 1744 1717 Epicurus
1770 1689 1840 1710 con-

329 1741 372 1762 tra
403 1735 547 1763 adversam
580 1735 725 1765 fortunam
752 1736 891 1773 praebet?
933 1738 1022 1766 Nulla
1042 1757 1054 1773 ‚
1081 1739 1162 1767 nulla
1192 1737 1317 1774 praebet.
1366 1735 1446 1764 Dicit
1474 1732 1670 1762 infelicitatem
1695 1740 1753 1761 non
1781 1732 1839 1760 nisi

326 1784 355 1813 in
384 1786 522 1822 opinione
550 1786 672 1816 versari:
702 1787 736 1815 de
761 1787 813 1815 hac
844 1789 982 1818 sententia
1010 1789 1165 1818 disserendi
1198 1789 1288 1826 magis
1314 1787 1391 1825 apud
1416 1786 1560 1816 Zenonem
1586 1784 1669 1814 locus
1697 1783 1758 1813 erit.
1797 1783 1838 1812 At

1750 1841 1841 1863 maxt-

351 1912 366 1943 (
380 1920 388 1938 r
404 1915 416 1942 )
435 1915 482 1941 Cf.
501 1921 527 1939 ct
542 1914 672 1941 Plutarch.
694 1914 726 1940 de
749 1915 815 1941 Virt.
843 1915 913 1943 Mor.
937 1917 970 1943 C.
986 1924 1022 1949 9,
1043 1923 1074 1943 10
1093 1923 1118 1942 et
1138 1923 1181 1944 ιι.

351 1957 415 1994 (2)
433 1961 492 1988 Cic.
512 1962 566 1987 Fui.
591 1961 612 1987 1.
631 1969 656 1993 7.
698 1962 768 1988 Plut.
787 1962 804 1988 l.
824 1963 841 1988 Ι.
