1946 2517
655 204 1041 238 oRATIO.
1548 215 1592 251 29

160 301 198 333 In
224 298 315 331 omni
340 296 544 340 Philosophia
575 297 628 329 vix
655 297 744 329 locus
770 304 836 336 est,
860 299 910 330 vel
937 298 1096 341 spinosior
1118 303 1151 329 et
1177 298 1373 337 intricatior,
1397 297 1447 330 vel
1472 298 1510 330 ad
1529 299 1577 331 vi-

118 364 168 389 tae
196 366 290 388 usum
313 354 600 388 accommodatior,
623 364 677 391 eu,
701 356 736 386 in
760 365 825 397 quo
850 356 933 386 vires
954 356 1000 385 Tu
1024 356 1106 386 Tuas
1129 354 1324 398 periclitatus
1341 365 1393 396 es,
1416 362 1578 398 praestan·

118 413 240 445 tissime
264 421 394 442 nutrit
409 421 494 442 ΛΤΒ.
537 412 655 441 Verum
684 416 716 441 et
738 409 801 441 alto
825 410 916 442 vultu
940 422 1088 453 spernere
1117 421 1287 443 Emeum
1319 411 1359 442 de
1384 422 1479 454 grege
1511 423 1582 455 por-

118 480 196 506 cOS,
220 474 343 499 mature
367 466 538 504 didiceras,
570 474 602 497 ετ
626 465 734 509 fugere
761 468 850 498 triste
874 469 1050 499 Stoicorum
1072 467 1287 510 supercilium.
1333 468 1469 499 Virtutis
1495 479 1581 500 amo·

119 537 153 557 re
180 531 211 556 et
231 529 383 555 venustae
412 522 618 553 humanitatis
644 522 751 553 studio
781 523 943 555 imbutum
973 529 1081 567 pectus
1105 523 1144 554 ad
1170 523 1319 555 sublimia
1347 535 1582 564 Lsslnrn'rir,

119 579 248 612 subtilia
278 589 433 610 KANTII
464 579 579 620 scripta
603 577 736 620 legenda
758 579 917 612 attuleras.
963 581 1099 622 Agnitus
1117 590 1150 610 es
1169 579 1287 622 dignus
1305 579 1510 620 doctissimo,
1535 580 1581 612 fa.

121 635 338 673 cundissimo‚
362 634 616 677 politissimoque
634 637 765 667 Parente
780 635 876 667 filius.
923 636 1023 678 Cujus
1045 636 1353 678 praestantissimum
1377 637 1582 681 exemplum,

122 698 159 724 ut
181 691 276 734 facis,
300 701 397 734 perge
419 691 547 723 imitari.
592 693 680 737 Auro
703 693 799 735 cingo
823 691 954 732 volens,
977 698 1129 735 tanquam
1151 691 1258 730 lauro,
1283 687 1432 726 comam(

165 804 290 847 'Agmen
311 804 449 843 claudis,
473 815 625 843 mannan,
650 804 730 836 mihi
747 811 778 837 et
795 805 855 836 Tui
878 815 971 848 causa
994 816 1088 843 care,
1113 810 1144 836 et
1162 807 1260 838 Patris
1274 808 1354 845 Tui,
1377 805 1583 840 eruditissimi

120 861 209 900 Viri,
232 862 265 892 in
287 860 541 892 Harderovicena
560 850 726 893 Academia
741 861 906 905 quondam
929 861 1075 903 Collegae
1095 863 1369 901 aestumatissimi,
1399 864 1452 894 cui
1471 874 1582 906 exper-

121 918 246 948 tissimo
263 917 388 948 Medico
405 923 437 948 et
459 929 519 960 ego
540 924 571 949 et
592 918 655 948 mei
678 928 790 949 omnes
811 917 986 961 plurimum
1003 917 1167 951 debemus.
1212 919 1363 950 Gratulor
1384 919 1454 957 Illi,
1478 926 1588 961 gratu·-

120 972 170 1004 lor
193 973 284 1012 Tibi,
308 973 408 1004 laetus
427 980 459 1005 et
477 973 607 1012 lubens,
631 973 915 1006 Commilitonibus
929 984 947 1004 a
961 975 1006 1005 Te
1028 981 1223 1018 praereptam
1238 975 1387 1018 palmam.
1433 976 1584 1007 Gratulor

119 1029 222 1070 mihi,
247 1030 301 1061 cui
319 1029 423 1069 illam,
441 1030 568 1073 publice
590 1029 659 1061 Tibi
671 1029 905 1072 adjudicatam,
930 1030 1057 1073 publice
1076 1030 1147 1062 Tibi
1171 1032 1427 1075 porrigerelicet.
1452 1036 1509 1070 At,
1526 1043 1582 1075 per

118 1084 198 1116 haee
216 1084 258 1116 ad
277 1085 398 1117 altiora.
445 1089 568 1117 Aureus
588 1085 677 1117 hicce
703 1096 858 1117 nummus
881 1088 1007 1118 Parenti
1035 1093 1091 1118 tuo
1115 1087 1299 1119 Clarissimo
1313 1111 1321 1127 ‚
1343 1090 1478 1124 Patrue,
1501 1090 1582 1120 Viro

118 1139 255 1173 illustri.
273 1146 305 1171 et
330 1151 406 1171 vero
425 1141 574 1172 manibus
591 1143 652 1172 Avi
674 1144 734 1172 Tui
758 1153 959 1174 FORSTENI
977 1142 1183 1181 beatissimis,
1206 1145 1322 1186 pignus
1341 1144 1382 1174 sit
1401 1150 1433 1175 et
1449 1144 1586 1176 arrhabo

116 1194 204 1227 firmi
218 1203 249 1227 et
267 1197 441 1227 constantis
463 1198 636 1240 propositi,
665 1208 731 1241 quo
756 1198 796 1229 ad
820 1199 1019 1231 retinendam
1047 1207 1078 1232 et
1108 1200 1258 1232 tuendam
1280 1201 1391 1233 Gentis
1411 1202 1495 1234 T'uae
1514 1200 1584 1246 glo⁰

116 1251 217 1291 riam,
240 1254 438 1284 sanctissime
462 1252 530 1296 ipse
552 1255 594 1284 Te
616 1252 809 1298 obstringas,

797 1357 911 1370 a—-
934 1362 937 1363 ⁷

158 1427 263 1471 'Atque
288 1431 333 1461 sic
356 1428 529 1470 omnibus,
562 1441 644 1474 quae
670 1429 800 1474 quidem
832 1430 872 1462 ad
899 1431 997 1473 hujus
1025 1432 1248 1465 solennitatem
1274 1434 1338 1466 diei
1361 1433 1584 1478 pertinebant,

116 1485 176 1517 rite
201 1493 233 1517 et
256 1485 388 1518 feliciter
409 1489 563 1530 peractis,
579 1488 707 1527 Vobis,
733 1488 971 1520 honoratissimi
997 1491 1218 1533 cujuscunque
1239 1490 1362 1522 ordinis
1385 1492 1421 1523 A.
1446 1494 1502 1529 A„
1525 1500 1584 1532 pro

117 1541 422 1591 vestra'frequentia
446 1551 478 1576 et
504 1544 654 1576 audiendi
681 1546 852 1587 patientia,
884 1545 956 1578 Tibi
990 1557 1087 1586 vero,
1118 1558 1243 1578 summe
1267 1554 1300 1579 et
1325 1554 1454 1580 aeterne
1480 1549 1583 1587 Deus,

118 1609 178 1640 pro
194 1599 356 1641 benigno,
378 1611 445 1642 quo
465 1607 496 1632 et
512 1612 603 1632 nunc
619 1601 703 1632 mihi
724 1601 832 1633 adesse
852 1601 1002 1650 dignatus
1021 1614 1054 1635 es
1067 1627 1078 1645 ‚
1102 1603 1245 1644 auxilio,
1272 1605 1405 1647 gratias,
1429 1613 1508 1647 quas
1533 1603 1588 1634 ha·

115 1654 197 1693 be0,
228 1657 382 1686 maximas
406 1666 489 1698 ago;
519 1657 591 1688 Tibi
625 1664 657 1689 et
691 1669 741 1690 me
771 1662 805 1692 in
837 1670 1000 1706 posterum
1035 1672 1207 1708 meosque,
1231 1671 1262 1695 et
1296 1663 1498 1704 Academiam
1525 1673 1584 1695 no-

115 1718 235 1749 stram,
261 1718 292 1743 et
313 1723 434 1744 novum
457 1714 527 1755 ejus
549 1717 734 1756 Rectorem,
761 1725 793 1750 et
817 1722 970 1758 Patriam,
993 1728 1026 1752 et
1050 1721 1168 1753 Patriae
1191 1723 1336 1762 Patrem,
1356 1723 1476 1764 Regem
1504 1719 1586 1762 opti-

118 1777 228 1805 mum,
252 1779 326 1801 cum
349 1770 499 1803 universa
521 1773 628 1804 Domo
650 1774 758 1817 regia,
785 1775 837 1819 pie
857 1775 1060 1810 commeudO.

882 2066 955 2099 103
1499 2067 1592 2099 ΛΗ·
