1946 2517
379 143 601 175 RESPONSIO
620 154 663 175 AD
684 143 983 183 QUAESTIONEM
1005 145 1325 181 THEOLOGICAM.
1572 162 1609 193 39

98 227 213 263 bunis,
235 227 313 263 quod
333 226 362 256 in
387 233 444 256 tam
469 227 547 264 gravi
574 227 688 255 materia
710 228 904 263 pertractanda
931 229 1005 258 vires
1026 231 1146 266 experiri
1173 240 1261 260 ausus
1289 232 1358 261 sim.
1411 233 1514 270 Neque
1531 235 1607 265 enim

97 280 217 309 honori-s
244 286 292 308 aut
315 280 422 316 gloriae
445 281 545 309 studio
570 288 651 308 actus
675 281 708 308 ad
736 284 920 309 scrtbeni-tm
948 289 991 309 me
1007 283 1142 318 contuli,
1165 283 1215 312 sed
1244 292 1310 311 cum
1337 285 1400 319 ipse
1425 285 1602 323 aliquando,

97 333 123 361 si
149 332 263 367 quidem
289 331 351 360 Deo
376 332 414 359 ita
435 332 529 360 visum
553 331 660 366 fuerit,
683 339 797 359 munere
817 339 898 360 sacro
924 332 1004 369 fungi
1029 335 1164 370 cupiam,
1185 344 1250 364 cum
1283 336 1454 372 gravissimo
1475 344 1535 366 tum
1556 338 1611 366 dif-

95 382 247 418 ficillimo,
269 383 389 411 omnino
415 382 540 411 offi:ium
568 390 660 411 meum
689 390 754 410 esse
772 383 860 417 duxi,
882 389 914 410 ut
935 384 1084 417 ddmenter
1107 395 1299 421 pwscrutarer
1327 396 1358 416 ea
1384 388 1483 417 Sacrae
1510 390 1607 425 Scrip-

96 441 176 463 turae
200 436 283 468 loca,
305 435 413 470 quibus
434 435 467 463 de
485 435 573 472 hujus
600 434 726 462 muneris
743 434 853 462 ratione
878 442 904 463 et
926 435 1026 464 officiis
1051 445 1229 473 exponatur,
1250 446 1301 473 et,
1324 447 1397 474 quae
1424 440 1452 468 in
1480 441 1516 468 iis
1536 441 1606 469 tradi

97 486 167 515 mihi
191 487 375 521 viderentur,
397 485 462 514 data
486 494 535 522 per
560 485 621 514 Vos
642 485 727 521 ipsos
746 486 990 522 opportunitate,
1012 487 1040 516 in
1061 489 1186 518 chartam
1207 491 1378 526 conj1cerem
1397 497 1424 518 et
1443 492 1612 527 quantacun-

97 545 153 572 que
178 537 230 565 hac
254 538 288 565 de
311 545 340 565 re
368 537 476 572 scripta
496 537 593 566 oculis
625 537 737 566 Vestris
763 537 798 565 ad
820 538 1040 574 dijudicanjum,
1063 541 1241 577 subjicerem.
1284 542 1372 579 Quod
1395 551 1460 571 cum
1481 544 1538 580 jam
1564 543 1607 571 fa-

94 595 159 616 cere
182 588 359 623 sustineam,
382 587 503 617 maxima
526 588 557 617 in
580 595 675 618 vestra
704 589 876 617 auctoritate
900 597 926 618 et
953 592 1149 620 benevolentia
1177 592 1280 621 fiducia
1306 600 1426 628 postta,
1457 602 1607 629 quamnam

96 639 226 674 equidem
255 640 445 677 sententiam,
471 641 507 670 de
531 641 657 670 muneris
687 641 760 670 sacri
789 642 900 671 tatione
924 640 1059 679 foveam,
1086 643 1269 673 subscribere
1293 644 1363 672 mihi
1389 643 1492 680 liceat,
1520 646 1610 674 hocce

93 689 173 721 Pauu
197 690 368 721 enunciato:

706 777 807 808 Πιστὸς
828 777 840 805 ὅ
867 776 960 811 λέγῃς·
981 779 1003 808 εἰ
1031 789 1071 810 τις
1091 778 1236 812 ἐπισκοπῆς
1258 779 1400 814 ὀρέγεται,
1422 781 1505 809 semaa
1534 780 1608 815 ἔργον

778 829 913 863 ἐπιθυμεῖ-
