1946 2517
381 279 1404 351 COMMENTATIO'

147 595 799 648 QUAESTIONEM
870 596 1604 640 MATHEMATICAM.

531 928 1221 960 INTRODUCTIO.

120 1014 281 1080 Scientiis
320 1049 454 1086 Physicis
482 1058 513 1079 ac
539 1050 670 1086 inprimis
697 1050 914 1081 Mathematicis
929 1071 944 1087 ‚,
970 1050 1056 1079 animi
1084 1049 1226 1078 relaxandi
1252 1049 1360 1091 gratia,
1392 1058 1408 1078 a
1441 1047 1635 1093 severioribus

122 1103 248 1139 studiis,
268 1108 408 1138 quantum
436 1102 495 1130 otia
522 1101 642 1138 sinunt,
670 1111 784 1139 operam
805 1103 896 1138 dans,
928 1101 972 1129 uti
999 1100 1135 1137 saepius,
1161 1100 1203 1128 sic
1235 1106 1262 1128 et
1286 1106 1352 1128 ante
1379 1098 1500 1136 aliquod
1523 1108 1636 1144 tempus

122 1161 224 1190 magna
249 1161 315 1182 curn
338 1153 490 1190 voluptate
515 1153 698 1189 quaestiones
725 1153 924 1190 inspexeram,
953 1159 1025 1187 quas
1068 1150 1256 1186 Amplissima
1289 1149 1423 1192 Facultas
1452 1151 1632 1193 Disciplina-

124 1213 187 1235 rum
212 1205 399 1242 Physicarum
432 1212 459 1233 et
486 1204 754 1234 Mathematicarum
778 1205 808 1234 in
833 1202 987 1233 Academia
1008 1201 1180 1239 Lugduno-
1166 1201 1292 1231 -ssatava
1315 1209 1520 1238 proposuerat.

165 1255 241 1286 Inter
265 1264 314 1285 eas
332 1255 476 1293 Quaestio
495 1255 717 1292 Mathematica‚
739 1264 812 1293 quae
832 1254 1002 1293 postulabat
1031 1253 1180 1296 Problema
1206 1253 1241 1281 de
1260 1252 1444 1300 Quadratura
1472 1254 1635 1285 Curvarum

122 1301 264 1345 explicare
287 1307 417 1344 illudque
435 1308 572 1345 exemplis
592 1309 756 1344 illustrare,
778 1315 950 1345 magnopere
970 1305 1041 1335 mihi
1055 1297 1219 1339 arridebat,
1241 1310 1269 1332 et
1292 1303 1361 1332 licet
1383 1306 1556 1342 comperirer
1575 1315 1636 1336 non

123 1359 229 1398 paucis
259 1358 478 1388 difficultatibus
503 1359 594 1396 premi
620 1359 802 1401 propositum
829 1359 1105 1404 commentationem
1126 1358 1162 1387 ad
1185 1359 1258 1392 hauc
1282 1358 1480 1397 quaestionem
1509 1360 1636 1390 scriben-

124 1410 175 1445 di,
196 1410 284 1446 hujus
307 1416 400 1438 tamen
417 1409 578 1446 periculum
598 1409 723 1439 faciendi
744 1411 901 1439 consilium
926 1410 1003 1447 cepi.
1051 1410 1122 1438 Rem
1150 1409 1265 1445 itaque,
1289 1415 1322 1437 ut
1349 1410 1456 1445 potui,
1480 1418 1634 1448 aggressus

123 1468 211 1495 sum,
231 1466 259 1489 et
280 1460 322 1489 sic
354 1466 419 1488 nata
438 1466 482 1489 est
507 1459 650 1497 scriptio,
677 1468 763 1496 quam
789 1469 867 1490 nunc
892 1461 971 1489 Viris
997 1460 1177 1489 clarissimis
1202 1460 1412 1497 dijudicandam
1435 1460 1538 1492 offero.

163 1512 256 1541 Pauca
279 1511 377 1540 addam
403 1512 439 1540 de
465 1512 522 1548 iis,
544 1519 616 1548 quae
641 1511 670 1540 in
699 1513 749 1541 hac
775 1511 984 1548 scriptiuncula
1007 1509 1170 1540 observavi.

120 1598 123 1601 ,
161 1562 325 1602 Quaestio,
344 1562 387 1591 uti
410 1562 562 1599 proposita
585 1567 651 1598 est,
672 1562 714 1591 sic
737 1571 767 1591 se
792 1562 896 1593 habet:
928 1561 1083 1590 Problcma
1109 1560 1144 1589 de
1166 1560 1372 1599 Quadratum
1393 1561 1562 1595 Cumarum
1585 1575 1635 1596 ex·

121 1613 252 1652 plicetur
279 1618 307 1640 et
329 1612 464 1650 exemplis
495 1611 676 1642 illustretur.
724 1612 780 1642 Est
805 1621 872 1650 ergo
910 1612 978 1641 haec
1012 1606 1168 1648 bipartita,
1197 1613 1321 1649 primum
1354 1613 1429 1643 enim
1457 1615 1633 1646 desideratur

127 1663 282 1700 explicatio
308 1662 517 1699 Problematis3
540 1663 640 1692 deinde
664 1665 851 1700 requiruntur
872 1666 997 1701 exeuipla
1019 1665 1054 1693 ad
1076 1664 1148 1693 illud
1168 1665 1383 1694 illustrandum.

166 1714 255 1752 Quod
272 1713 307 1742 ad
327 1713 448 1749 primam
466 1719 575 1749 partem
594 1713 724 1749 adtinet,
745 1714 948 1751 inquireidum
976 1722 1055 1751 erat,
1085 1717 1154 1751 quid
1178 1716 1295 1752 proprie
1317 1715 1462 1753 significet
1490 1717 1636 1755 Quadra-

128 1771 201 1795 tura
226 1764 404 1800 Cumarum.
444 1763 510 1793 Hoc
526 1772 592 1793 cum
611 1763 749 1800 facerem,
771 1766 984 1802 scriptoresque
1005 1765 1184 1801 conferrem,
1207 1766 1277 1794 mihi
1295 1768 1448 1804 apparuit,
1471 1768 1634 1806 Quadratu-

126 1825 186 1846 ram
202 1814 363 1846 Curvarum
381 1816 497 1853 proprie
513 1816 670 1845 consistere
685 1818 714 1846 in
728 1816 945 1846 determinandis
960 1818 1030 1847 areis
1045 1818 1141 1855 planis
1156 1817 1335 1850 Cur-varum.
1377 1819 1451 1848 Cum
1473 1827 1566 1849 autem
1585 1822 1632 1851 de-

127 1869 291 1898 terminatio
306 1869 519 1905 superficierum
530 1890 540 1905 ,
559 1877 630 1904 quae
647 1869 781 1898 oriuntur
795 1877 829 1899 ex
844 1869 1191 1900 revolutionecurvarum
1202 1890 1213 1906 ,
1228 1871 1309 1900 etiam
1328 1871 1383 1900 dici
1396 1871 1634 1915 possetQuadra-

131 1926 214 1955 tura,
233 1919 328 1948 latiori
347 1928 433 1948 sensu
451 1927 582 1956 accepta,
603 1920 723 1948 dubium
739 1920 869 1956 exstitit,
887 1927 958 1950 anet
979 1922 1045 1950 haec
1064 1921 1178 1960 Calculi
1201 1922 1351 1958 Integralis
1373 1930 1437 1958 pars
1454 1922 1509 1951 sub
1532 1931 1635 1958 quaes-

131 1972 209 2000 tione
231 1971 379 2007 proposita
398 1972 504 2001 lateret.
548 1972 608 2001 Diu
626 1973 724 2009 itaque
741 1981 851 2002 mecum
871 1971 1069 2007 consideravi,
1091 1979 1187 2000 utrum
1205 1973 1280 2002 hunc
1299 1973 1396 2002 locum
1416 1980 1562 2008 tractarem
1583 1984 1632 2004 nec

120 2029 186 2058 ,ne3
210 2021 321 2051 tandem
342 2027 435 2051 tamen
449 2042 459 2058 ,
483 2023 615 2059 quamvis
640 2031 700 2053 non
715 2024 800 2062 plane
815 2025 883 2054 mihi
899 2030 1067 2062 persuasum
1081 2024 1228 2061 haberem,
1249 2023 1337 2056 Viros
1352 2025 1541 2055 Clarissimos
1560 2027 1631 2055 hanc

908 2077 936 2106 A
956 2084 973 2105 2
1560 2084 1634 2113 quo·
