1946 2517
349 116 384 153 38
738 109 1081 145 GULIELMI
1138 109 1444 141 DEVLPRAT

352 197 497 226 videntur.
539 197 640 226 Inanes
662 195 898 230 lamentationes,
920 201 994 230 quae
1018 191 1143 228 frustra,
1167 192 1229 221 sine
1253 193 1315 222 ullo
1339 192 1442 223 effectu
1466 183 1540 222 fiunt
1562 193 1663 224 tollere
1686 195 1814 231 volunt,
1835 201 1874 231 et>

355 247 579 277 misericordiam
602 248 723 283 sapienti
744 247 873 275 demunt.

397 300 501 328 Seneca
527 299 561 327 de
588 297 744 327 Clementia
764 299 805 326 11.
835 300 860 326 c.
879 303 897 331 5
916 301 944 324 et
966 295 1005 329 6,
1036 293 1119 322 docet
1145 301 1201 323 non
1230 294 1355 324 misereri
1381 295 1536 333 sapientem
1565 295 1630 330 quia
1655 303 1714 325 non
1745 295 1863 324 fit'sine

355 351 485 380 miseria:
519 369 537 385 „
554 350 603 378 sed
626 349 744 383 omnia,
764 355 836 383 quae
858 347 908 382 qui
935 346 1101 374 miserentur
1122 345 1250 377 dolentes
1275 346 1419 382 facerent,
1440 347 1508 375 haec
1535 345 1678 375 facturum
1697 347 1780 375 alacri
1802 346 1864 374 ani-

356 409 404 429 mo
429 409 461 429 ac
490 400 620 428 libenter.
670 402 821 427 Succurret
843 397 942 426 alienis
971 396 1118 432 lacrimis,
1140 397 1218 426 dabit
1239 406 1352 427 manum
1374 397 1534 434 naufrago,
1561 397 1653 426 exsuli
1680 397 1861 433 hospitium,

354 451 449 488 egenti
471 450 588 486 stipem.
628 450 668 478 At
687 449 771 478 faciet
795 450 849 477 ista
865 448 1021 492 tranquilla
1044 454 1156 484 mente,
1178 450 1260 478 vultu
1281 449 1368 480 suo.'’
1407 451 1447 479 At
1467 458 1562 479 nonne
1582 450 1637 486 jam
1664 455 1864 485 praeceptum,

354 502 434 538 quod
469 507 579 529 tantum
610 509 676 537 prae
707 509 737 529 se
766 500 822 528 fert
853 500 1067 528 inhumanitatis
1094 501 1232 536 quodque
1265 501 1424 530 inauditum
1459 499 1587 529 ct'forte
1618 500 1714 530 nobile
1747 500 1865 529 videba-

356 559 424 588 tur,
455 554 573 581 omnino
601 559 846 588 supervacaneum
871 551 1030 580 habendum
1055 551 1118 580 est?
1149 552 1243 580 Nemo
1269 560 1336 581 sana
1367 560 1459 581 mente
1484 553 1550 581 illos
1575 560 1639 581 vere
1667 540 1865 580 misericozdes

355 603 430 632 dicet
453 610 501 631 aut
527 602 673 637 laudabit,
703 603 754 638 qui
778 609 870 630 mente
900 609 927 630 et
953 604 1036 632 vultu
1059 602 1193 637 turbato,
1221 603 1373 639 dolentes,
1399 604 1527 633 homines
1556 602 1686 633 infelices
1706 611 1766 640 non
1789 603 1868 639 adju-

355 661 442 690 vant,
465 662 529 682 cum
561 654 589 683 id
616 660 747 689 possent.
789 653 884 682 Nemo
909 654 1022 690 putabit
1041 653 1263 682 misericordiam
1288 663 1347 683 non
1367 655 1484 690 adesse,
1505 662 1599 690 neque
1619 654 1677 683 coli
1697 661 1786 689 posse
1807 652 1866 682 nisi

358 715 422 735 cum
445 695 575 743 ejulatu,
598 706 730 743 gemitu,
750 706 900 742 plangore.
945 706 1000 734 Sed
1019 714 1118 735 omnes
1134 705 1278 741 sapientes
1301 705 1330 733 in
1358 713 1392 733 eo
1414 705 1593 734 conveniunt
1615 712 1645 733 ut
1664 705 1730 734 haec
1755 704 1867 734 demum

357 767 421 786 vera
451 758 489 786 sit
517 756 741 791 misericordia,
761 765 832 793 quae
856 757 918 786 sine
945 757 1121 793 immoderati
1145 758 1255 787 doloris
1277 757 1479 793 affectatione,
1502 765 1572 792 quae
1600 758 1664 786 sine
1687 757 1786 786 multis
1807 764 1866 785 am-

357 809 480 845 bagibus
516 817 609 838 revera
637 808 786 837 efficaciter
820 808 954 844 adjuvat,
984 817 1056 844 quae
1088 816 1236 837 succurrat
1265 809 1365 837 alienis
1399 809 1552 845 lacrymis,
1581 809 1628 837 dat
1652 816 1766 837 manum
1797 816 1867 836 nau-

358 860 459 896 frago,
481 860 573 889 exsuli
599 860 781 896 hospitium,
804 860 898 895 egenti
924 860 1039 896 stipem.
1060 848 1063 851 Δ
1081 860 1161 898 Quid
1181 860 1268 896 igitur
1286 867 1360 895 opus
1390 867 1435 888 est
1457 860 1591 889 homines
1608 860 1691 895 quasi
1717 859 1866 895 decipere,

356 920 464 947 eosque
488 911 588 948 jubere
615 910 836 939 misericordiam
862 909 980 944 habere,
1013 911 1062 938 sed
1091 918 1182 939 tamen
1209 912 1296 939 duros
1323 918 1350 939 et
1373 911 1509 939 immanes
1533 911 1619 939 csse?
1648 911 1702 938 Sed
1730 917 1761 938 ut
1783 917 1868 939 omne

359 965 436 1002 quod
456 964 549 992 sentio
571 962 679 991 dicam:
701 962 826 997 Seneca,
851 969 881 989 ut
899 968 990 990 tamen
1005 962 1129 997 speciem
1148 962 1296 998 quamdam
1316 962 1442 991 Zenonis
1462 962 1605 998 praecepti
1623 967 1766 996 servaret,
1786 961 1869 997 jubet

358 1016 514 1051 sapientem
543 1014 753 1043 misericordem
785 1021 846 1041 csse
870 1013 930 1041 sine
957 1011 1066 1041 doloris
1098 1011 1329 1050 significatione,
1364 1013 1519 1048 tranquilla
1547 1019 1662 1047 mente,
1690 1011 1771 1041 vultu
1798 1019 1882 1053 suo„

359 1051 397 1095 Et
413 1075 449 1094 ne
470 1066 498 1095 id
520 1066 635 1101 quidem
659 1064 872 1092 concedendum
891 1065 1015 1092 videtur.
1057 1063 1137 1091 Num
1157 1062 1230 1090 enim
1256 1069 1390 1099 putamus
1409 1063 1479 1091 illud
1502 1060 1639 1104 auxilium
1664 1062 1776 1104 infelici·
1793 1063 1871 1091 sola-

357 1102 429 1145 tium
450 1116 603 1152 praebere,
621 1114 784 1151 jucundum
809 1122 872 1142 esse
895 1112 1214 1150 verumqnevauxilium
1241 1114 1401 1148 habendum
1429 1122 1511 1148 esse,
1533 1102 1792 1150 quod=praestatur
1817 1111 1872 1141 fri-

359 1167 447 1204 gido,
477 1166 616 1203 languido
640 1156 762 1201 animo,
790 1165 860 1193 adeo
886 1172 918 1194 ut
945 1164 1046 1194 infelix
1074 1165 1122 1193 ille
1147 1163 1254 1194 nullam
1284 1166 1393 1195 doloris
1420 1164 1662 1202 significationem
1693 1164 1872 1193 animadver-

358 1220 424 1249 tat?
455 1220 522 1248 adeo
558 1226 590 1247 ut
615 1224 698 1255 putet
726 1209 921 1247 auxiliatorem
955 1226 1013 1246 non
1051 1217 1174 1261 infelicis
1202 1218 1330 1247 dolorem
1364 1217 1477 1253 videre,
1507 1224 1556 1245 aut
1582 1217 1674 1246 levare
1702 1217 1792 1252 velle,
1821 1211 1881 1244 sets

356 1277 503 1307 propterea
536 1276 648 1298 tantum
684 1270 769 1299 modo
805 1260 944 1298 auxilium
982 1257 1144 1306 praestare,
1177 1269 1314 1311 quoniam
1347 1257 1376 1298 id
1405 1267 1501 1297 oxori
1533 1264 1669 1297 servandi
1692 1274 1779 1312 causa
1807 1272 1868 1294 non

360 1330 480 1362 prorsus
501 1322 632 1365 omittere
655 1322 763 1356 potuit.
1016 1346 1017 1349 ,
1049 1346 1053 1361 Α.

397 1372 530 1409 Denique
560 1372 622 1401 sola
644 1371 693 1399 illa
718 1371 826 1400 doloris
852 1359 1049 1416 significatio,
1075 1380 1160 1413 quam
1184 1372 1250 1407 quis
1274 1371 1382 1400 infelici
1413 1371 1560 1406 ostendit,
1583 1365 1756 1410 saepissime
1785 1367 1870 1396 dolo-

359 1433 426 1456 rem
444 1425 536 1460 lenit,
565 1423 730 1460 praesertim
757 1431 821 1452 cum
841 1423 910 1458 ille,
931 1424 981 1460 qui
1003 1425 1147 1464 auxilium
1167 1431 1309 1459 opemque
1334 1423 1405 1451 ferre
1424 1423 1529 1457 vellet,
1556 1421 1629 1450 illud
1657 1419 1729 1461 ferre
1756 1417 1870 1453 nequit.

369 1511 375 1515 ι
398 1476 507 1505 Eodem
534 1475 620 1503 modo
646 1474 680 1502 de
705 1474 894 1509 sequentibus
918 1476 1103 1516 statuendum
1129 1475 1261 1510 videtur,
1283 1474 1439 1513 sapientem
1466 1481 1525 1501 non
1549 1471 1660 1501 veniam
1684 1470 1770 1511 alicui
1790 1476 1869 1506 prae·

360 1526 433 1556 bere.
484 1525 571 1564 Quod
601 1533 700 1564 rursus
725 1525 859 1554 Senecam
881 1526 1068 1566 explicante-m
1089 1527 1199 1565 inducit
1218 1525 1342 1562 Lipsius
1364 1526 1384 1555 Ι.
1405 1533 1432 1554 c.
1461 1544 1502 1566 ⁸„
1524 1523 1643 1559 Sapiens
1668 1530 1727 1551 non
1754 1520 1883 1561 qqidem

359 1570 468 1606 veniam
494 1578 564 1612 dat,
581 1574 634 1604 'sed
662 1576 753 1611 illud,
775 1578 855 1610 quod
877 1585 911 1606 ex
940 1578 1021 1606 venia
1042 1571 1276 1613 consequi'vis‚
1306 1577 1469 1605 honestiore
1496 1575 1549 1616 til-ii
1579 1571 1623 1603 via
1648 1573 1782 1617 tribuitgl5
1801 1571 1874 1615 Raro.

362 1630 403 1661 cit
426 1629 500 1657 enim
522 1629 655 1664 sapiens,
677 1628 827 1663 consulit,
848 1629 998 1671 corrigit„
1017 1629 1093 1669 lolem
1119 1629 1188 1658 facit
1208 1628 1285 1668 qupd
1305 1628 1338 1669 si·
1353 1627 1537 1667 ignosceret,
1558 1633 1609 1655 nec
1630 1621 1880 1667 ignoscit,‚¹quo-'

361 1672 437 1726 njam
464 1680 513 1716 qui
540 1679 686 1726 ignoscit,
709 1678 814 1708 fatetur
840 1674 950 1723 aliquid
979 1689 1030 1717 se,
1052 1681 1132 1721 quod
1155 1680 1214 1710 fieri
1240 1680 1359 1714 debuit,
1391 1679 1523 1717 omisisse
1543 1677 1623 1714 (1,).
1797 1715 1803 1725 .-

1833 1726 1873 1756 Et

395 1811 432 1844 (x
444 1809 461 1844 )
478 1810 518 1835 D'e
533 1807 703 1834 misericordia
722 1807 760 1835 cf.
780 1809 903 1835 stobaeus
925 1817 951 1842 p.
968 1811 1023 1844 ¹78·
1059 1810 1164 1836 Marcus
1187 1811 1282 1837 Antoni
1299 1808 1332 1835 Vs
1350 1812 1394 1841 37:
1420 1807 1508 1839 Epicu
1528 1813 1570 1839 24-
1589 1811 1618 1836 32
1639 1809 1663 1830 θ(
1682 1806 1722 1836 33·
1769 1802 1871 1836 Siffliffi‘

362 1859 415 1882 cius
443 1856 472 1881 ad
503 1856 590 1887 Epict.
615 1863 646 1888 52
671 1854 741 1879 etad
763 1862 794 1888 73
814 1855 872 1882 fine.
914 1856 1015 1882 Deinde
1044 1859 1197 1890 explicatio,
1222 1864 1296 1889 qnam
1324 1855 1468 1887 Simplicius
1493 1853 1521 1878 ad
1545 1853 1691 1885 Epictetum
1712 1859 1754 1877 ιι.
1775 1851 1806 1876 de
1827 1852 1873 1876 mi-

364 1904 499 1930 sericordia
527 1902 618 1932 tradit,
645 1903 773 1927 manifeste
797 1903 887 1927 mdvcat
909 1904 1015 1928 Zenonis
1044 1905 1160 1930 Scholam
1188 1905 1286 1929 mutatis
1314 1901 1455 1927 nominibus
1483 1899 1547 1924 idem
1581 1898 1612 1924 de
1636 1898 1802 1937 misericordia
1827 1903 1874 1931 sta·

363 1958 396 1975 ;.ιι
401 1957 448 1976 sse.
484 1950 517 1974 U
520 1949 558 1974 stre
575 1955 676 1981 tuoque
689 1949 791 1974 (notius
808 1948 838 1974 de
848 1949 906 1982 lure
925 1950 987 1975 Belli
1002 1957 1030 1984 εις
1046 1952 1119 1993 L'acis
1136 1951 1170 1978 11.
1185 1958 1230 1976 20.
1250 1950 1274 1981 §.
1291 1955 1333 1980 23.
1369 1947 1494 1979 „Parcit
1517 1951 1631 1978 inquiunt
1643 1944 1738 1975 Stoici
1755 1945 1871 1976 sapiens,

1822 1997 1871 2016 nou
