1946 2517
385 175 698 207 COMMENTATIO
718 185 761 206 An
781 176 1082 216 QUAESTIONEM
1104 183 1341 216 CHEMICAM.
1584 195 1623 225 23

154 261 239 297 Aqua
263 259 354 289 Acido
388 259 552 289 Carbonico
575 266 650 289 certa
683 259 713 288 In
748 262 938 296 proportione
969 264 1162 303 impraegnata
1197 267 1302 303 majore
1335 267 1364 295 vi
1389 276 1404 296 a
1430 269 1536 303 plantis
1566 270 1615 299 ab·

113 313 266 347 sorbetur,
298 319 383 348 quam
412 320 487 347 aqua
519 320 611 348 pura,
643 318 670 340 et
704 311 733 339 in
770 313 818 340 tali
851 314 988 343 mixtione
1019 316 1132 351 plantae
1169 317 1271 346 laetius
1306 326 1463 354 crescunt,
1506 321 1547 348 uti
1569 322 1616 350 de.

110 369 343 394 monstraverunt
373 362 505 392 Ruckm
537 363 628 400 (a),
673 362 820 400 Fourcroy
855 364 944 402 (b),
994 366 1169 398 Saussurius
1208 370 1293 407 (c),
1341 370 1497 400 Senncbicr
1528 371 1619 409 (d),

111 415 205 453 :Raffn
225 415 291 452 (ε)
317 421 345 443 et
366 414 425 444 alii.

150 466 251 496 Prouti
273 474 341 494 vero
367 464 492 494 vidimus
521 469 624 492 certam
651 470 763 493 tantum
792 466 1008 502 proportionem
1035 467 1096 497 Gas
1124 470 1210 500 Acidi
1236 471 1396 501 Carbonici
1422 474 1617 510 Atmosphae·

110 517 157 548 'rae
176 516 294 546 admixti
318 515 490 552 vegetationi
510 514 623 551 favere,
662 515 705 544 sic
731 516 815 546 etiam
842 518 915 547 illud
938 518 968 547 in
989 528 1062 556 aqua
1094 521 1219 552 obtinet.
1268 523 1303 552 In
1336 532 1410 560 aqua
1436 525 1492 554 hoc
1516 525 1613 555 Acido

109 575 235 600 saturata
255 568 366 605 plantae
385 567 570 596 flaccescunt.

148 622 256 651 Omnes
284 619 341 647 fere
361 626 452 654 aquae
481 618 679 647 subterraneae
706 626 756 654 per
789 624 877 649 strata
908 627 1000 651 terrae
1029 622 1212 654 decurrentes
1240 625 1329 663 huJ'us
1360 626 1448 657 Acldi
1476 627 1617 664 quandam

109 673 296 711 quantitatem
318 669 489 705 continent,
510 676 538 698 et
558 669 731 705 experientia
751 670 852 700 docuit
873 672 924 701 has
945 681 1034 710 aquas
1054 674 1254 705 fertilissimos
1275 678 1393 707 reddere
1413 687 1511 715 agros·

146 725 236 754 Nulla
257 729 330 752 terra
352 729 416 751 vere
439 720 544 750 fertilis
567 721 626 750 dici
648 727 766 758 potest,
794 722 852 751 nisi
879 723 971 754 valeat
1003 731 1047 755 sat
1070 726 1176 764 largam
1207 728 1293 758 Acidi
1318 729 1474 760 Carbonici
1499 729 1614 767 copiam

104 776 212 815 plantis
233 772 330 811 largiri
350 771 427 809 (f).

146 828 192 857 Ex
219 826 272 854 hac
295 830 368 853 terra
390 831 501 860 semper
527 824 665 859 quaedam
692 824 777 854 Acidi
803 825 960 855 Carbonici
993 829 1141 864 quantitas
1173 831 1320 861 evolvitur
1352 831 1425 860 airis
1461 830 1616 860 ambientis

108 884 258 909 contactu.
305 875 408 905 Omnis
439 884 527 913 porro
558 875 645 905 fimus
672 876 745 904 idem
771 877 828 906 hoc
854 877 977 907 Acidum
1010 881 1141 918 evolvit;
1175 883 1261 919 (tum
1286 883 1398 912 demum
1424 888 1517 911 autem
1553 880 1620 909 reli·

107 930 192 968 quiae
226 927 367 965 vegetales
407 934 458 955 seu
493 927 630 955 animales
664 926 839 956 fertilitatem
882 936 1006 965 augent,
1048 932 1164 966 quando
1194 933 1297 962 effectu
1328 932 1551 970 putrefactionis
1583 932 1616 962 in

106 979 249 1019 principia
275 987 328 1007 sua
344 984 451 1006 remota
477 979 629 1006 solvantur
650 984 678 1006 et
697 978 763 1007 inde
791 979 933 1016 imprimis
954 980 1016 1011 Gas
1040 983 1164 1013 Acidum
1191 984 1390 1015 Carbonicum
1417 986 1610 1022 largiantur).

105 1033 192 1068 Aqua
217 1037 287 1059 tunc
317 1031 468 1064 solutum,
493 1038 527 1059 ex
546 1030 657 1066 pluviis
679 1030 725 1060 vel
747 1030 799 1059 alia
826 1039 861 1059 ex
889 1040 978 1062 causa
1003 1039 1106 1065 terram
1126 1036 1331 1074 humectante,
1362 1037 1503 1066 radiculas
1526 1037 1614 1066 intrat

104 1090 133 1112 et
154 1084 193 1111 ita
214 1090 265 1118 per
283 1089 351 1110 vasa
371 1081 510 1110 defertur.

144 1133 206 1162 Hac
225 1132 334 1161 ratione
363 1132 506 1168 explicare
532 1132 659 1161 valemus
683 1141 737 1161 cur
763 1131 933 1162 Carbonum
963 1135 1061 1171 pulvis
1095 1138 1172 1174 agris
1205 1136 1356 1174 inspersus
1381 1145 1432 1167 eos
1457 1137 1613 1167 fertiliora

103 1185 210 1214 reddat.
252 1183 286 1212 In
312 1182 479 1219 regionibus
505 1183 781 1220 septentrionalibus
804 1191 915 1221 semper
941 1185 993 1214 hac
1025 1189 1140 1216 materia
1168 1194 1292 1218 utuntur
1312 1189 1350 1224 ad
1377 1185 1611 1225 illum'scopum

102 1236 148 1264 uti
172 1235 290 1264 affirmat
313 1234 412 1270 Yotmg
433 1236 446 1266 (
451 1234 512 1271 g).
552 1234 656 1263 Narrat
680 1242 710 1262 se
725 1234 832 1264 vidisse
856 1236 886 1264 in
910 1236 1031 1273 Suecia‚
1052 1238 1140 1275 pinos
1169 1246 1256 1276 atque
1275 1240 1346 1269 alias
1370 1240 1487 1270 arbores
1506 1248 1522 1269 e
1539 1247 1611 1270 terra

102 1292 268 1321 extractos,
302 1285 424 1321 quodam
456 1285 555 1313 ordine
581 1286 662 1322 juxta
687 1293 719 1314 se
742 1285 864 1315 invicem
894 1288 1029 1324 positos,
1057 1289 1087 1318 in
1114 1291 1191 1327 agris
1219 1290 1392 1319 combustos
1416 1290 1521 1320 fuisse.
1561 1290 1614 1320 Ci-

101 1345 183 1368 neres
210 1344 259 1372 per
285 1336 427 1371 quoddam
451 1342 564 1371 tempus
590 1336 790 1372 remanebant,
822 1344 850 1366 et
879 1338 946 1367 dein
980 1340 1087 1369 semina
1115 1341 1164 1370 tali
1189 1347 1277 1371 terrae
1301 1342 1469 1371 fertilisatae
1495 1342 1613 1371 luerunt

101 1388 242 1418 immissa.
281 1386 342 1416 Gas
367 1387 492 1416 Acidum
524 1386 721 1417 Carbonicum
753 1396 787 1417 ex
817 1389 1022 1419 combustione
1052 1399 1199 1421 remanens
1234 1393 1358 1421 multum
1389 1393 1459 1421 huic
1494 1392 1608 1422 tribuit.

100 1438 328 1469 Observationes
349 1438 474 1473 dantur,
504 1445 579 1473 quae
600 1438 704 1467 docent
725 1439 792 1477 (h)
822 1439 883 1468 Gas
910 1441 1034 1470 Acidum
1060 1442 1255 1471 Carbonicum
1286 1450 1320 1470 ex
1343 1440 1412 1478 agro
1437 1442 1524 1471 fertili
1544 1450 1612 1471 evo-

98 1491 192 1519 lutum
231 1496 290 1517 nou
323 1489 420 1517 statim
454 1488 581 1522 difflari,
622 1488 672 1516 sed
703 1489 794 1518 denso
833 1491 895 1527 eJ'us
928 1498 1019 1520 strato
1049 1500 1146 1528 agrum
1177 1492 1269 1522 veluti
1295 1492 1415 1529 obtegi3
1454 1493 1530 1521 unde
1555 1492 1611 1529 fit,

99 1548 134 1570 ut
154 1548 204 1576 per
229 1539 356 1575 pluviam
382 1545 409 1567 et
434 1547 525 1567 rorem
550 1538 674 1568 Acidum
704 1541 777 1569 illud
810 1542 912 1570 iterum
945 1543 1080 1571 solvatur
1111 1549 1139 1571 et
1168 1550 1256 1572 terrae
1282 1542 1424 1572 reddatur.
1465 1543 1610 1571 Saussure

101 1601 128 1623 et
155 1592 333 1631 Ingenhousz
369 1591 559 1619 observarunt
587 1591 616 1619 in
649 1591 800 1627 superficie
823 1601 956 1629 agrorum
982 1593 1128 1622 cultorum
1164 1594 1299 1629 maiorem
1332 1593 1519 1629 quantitatem
1545 1593 1609 1626 Gas

101 1644 186 1675 Acidi
213 1642 370 1674 Carbonici
402 1639 457 1669 aeri
490 1635 604 1678 inesse,
637 1650 722 1678 quam
756 1644 844 1674 solito
871 1644 1126 1682 Atmosphaerico.
1171 1644 1327 1675 Senncbicr
1348 1644 1413 1683 (i)
1432 1645 1502 1674 duas
1529 1644 1611 1680 plan·

1565 1701 1610 1724 tas

124 1778 158 1806 (a
168 1778 181 1804 )
203 1776 320 1804 Rauen,
341 1775 381 1796 der
396 1775 492 1797 flamme
507 1775 613 1796 thamim»
629 1777 771 1805 annuum,

123 1818 180 1847 (ι)
200 1818 239 1840 loc.
255 1817 310 1845 cir„
331 1818 396 1839 Tom,
413 1824 434 1843 4.
459 1824 510 1845 pag.
526 1824 578 1844 54⁰.
767 1810 771 1813 ⁴

124 1858 176 1886 (ι)
191 1858 296 1878 Samum
306 1873 315 1885 ,
329 1858 370 1881 loc,
385 1858 426 1880 cit.
441 1865 491 1886 pag.
505 1857 542 1881 26.

127 1899 176 1928 (d)
199 1898 335 1923 statuatur,
356 1899 421 1924 Phys.
437 1900 529 1927 Vrget„
551 1901 618 1923 Tom.
635 1907 656 1928 3,
678 1907 728 1929 pag.
743 1902 876 1929 ποῦ-317.

126 1940 174 1966 (a)
197 1939 284 1968 Raffn,
303 1940 343 1961 loc.
359 1939 400 1958 ιῐι.
426 1945 476 1966 pag.
489 1940 540 1963 128.
736 1941 784 1970 (s)
807 1941 893 1970 Raffn,
908 1948 933 1970 p.
948 1947 999 1969 2⁸⁴·

126 1984 174 2008 (ι)
192 1981 279 2007 hung,
300 1980 396 2000 Eaxlem
414 1980 482 2006 Your,
504 1986 555 2009 pag.
568 1981 617 2005 182.
647 1982 707 2010 Bady
721 1983 751 2012 of
760 1983 928 2011 Agri-tultum,
943 1985 994 2006 Vol.
1011 1985 1029 2007 l.
1049 1991 1066 2012 ρ
1088 1989 1139 2008 212.

124 2021 176 2049 (Δ)
196 2021 237 2044 cr.
252 2021 374 2050 Sne-gel,
393 2021 436 2046 loe.
451 2021 493 2045 cle.
515 2028 566 2051 pag.
579 2027 631 2050 ²³5-
857 2024 901 2050 (i)
917 2031 968 2051 pag.
985 2027 1034 2049 ¹⁶⁵.
