1946 2517
321 176 359 199 η
767 161 804 192 C.
861 162 887 192 J.
937 159 1334 198 -vAtrASSEN,

320 263 353 289 et
377 254 600 298 temperantiae
631 251 797 284 simulacra
827 252 980 296 quaedam
1007 253 1125 296 primas
1148 260 1251 296 partes
1274 263 1364 295 agere
1393 259 1425 284 et
1449 263 1607 286 consensu
1626 255 1774 290 ‚incredi-

321 311 381 343 bili
400 312 581 353 conspirare
611 309 768 340 videntur.
813 308 964 340 liridetur
986 310 1163 352 priscorum
1188 316 1376 352 3ternporum
1404 310 1541 349 insania,
1573 322 1648 342 cum
1679 323 1776 344 nemo

323 378 384 411 pro
401 373 482 398 secta
502 376 596 409 quam
613 364 803 408 sequebatur
824 371 958 396 mortem
977 373 1124 408 oppetere
1142 365 1334 403 dubitasset,
1357 367 1385 397 si
1412 368 1557 410 opinioni
1578 379 1652 399 suae
1669 375 1779 400 aucto-

286 449 288 452 .
322 423 446 454 ritatem
475 422 700 453 conciliaturus
729 421 847 453 fuisset.
890 422 1046 453 Omnium
1073 434 1161 453 nunc
1190 424 1288 454 animi
1312 422 1351 453 ad
1379 434 1486 466 pacem
1515 431 1547 455 et
1572 425 1777 457 concordiam

322 479 490 521 compositi
509 484 600 515 sunt,
623 484 654 508 et
669 489 735 520 quo
755 479 891 521 quisque
907 481 1092 510 erectiorem
1117 478 1323 510 humanitatis
1353 489 1480 510 sensum
1498 490 1572 522 prae
1594 490 1628 510 se
1643 480 1722 522 fert,
1745 486 1778 512 et

322 534 363 565 ab
387 534 476 564 omni
502 533 711 576 praejudicat-Ta
736 535 888 577 opinione
913 535 1044 566 liberior
1069 542 1134 574 est,
1165 546 1204 566 eo
1228 545 1335 565 minus
1366 545 1457 576 aegre
1478 546 1495 565 a
1523 535 1630 566 severa
1654 542 1780 578 patrum

325 589 489 632 disciplina
515 589 666 632 paulatim
692 590 846 629 declinat,
870 598 900 622 et
926 593 959 622 in
985 602 1097 623 eorum
1117 591 1294 630 sententia,
1318 592 1376 633 qui
1393 602 1442 622 res
1457 591 1685 623 diversissimas
1703 599 1780 624 tem·

323 652 469 689 perantes
487 653 518 678 et
537 648 776 679 commiscentes
791 648 994 691 vehementer
1010 648 1072 680 sibi
1090 658 1198 691 sapere
1217 646 1386 685 videntur,
1411 648 1608 690 acquiescere
1630 659 1696 679 non
1720 649 1782 680 du.

324 701 412 734 hitat.
457 701 541 733 Nolo
559 713 635 734 vero
656 704 838 734 temeritatis
858 705 969 747 argui,
992 711 1046 735 aut
1061 705 1195 735 ulterius
1211 704 1263 734 hic
1282 704 1440 746 progredi.
1471 706 1642 736 Enimvero
1660 709 1780 750 perspi.-

321 769 380 790 cua
394 759 468 789 satis
494 767 562 789 mea
587 761 742 790 sententia
764 766 828 798 est,
852 771 870 791 a
890 762 971 804 qua,
996 762 1023 791 si
1043 759 1125 792 forte
1147 759 1332 797 discedatis,
1356 765 1387 789 et
1415 770 1524 791 vereor
1550 773 1590 792 ne
1614 762 1781 795 nonnullis

321 814 502 856 displiceat,
525 816 647 845 utinam
663 817 740 847 mihi
753 815 858 847 locum
879 825 1055 850 monstrare
1077 819 1197 856 velitis,
1220 819 1295 854 ubi,
1307 827 1387 860 quae
1405 828 1492 848 nunc
1507 819 1542 848 in
1560 819 1617 849 hac
1632 821 1780 851 omnium

328 869 524 900 sanctissima
539 880 573 901 re
597 870 723 902 infirma
740 871 820 903 mihi
839 873 989 905 videntur
1009 885 1096 914 esse,
1120 882 1152 906 et
1171 873 1232 906 sibi
1257 884 1323 904 non
1339 875 1538 910 constantia,
1555 880 1587 905 et
1613 873 1780 907 labefacta·

319 930 350 956 ta
366 924 440 956 salsa
460 925 605 957 utilitatis
632 927 805 970 opinione,
827 929 936 961 eadem
956 938 1040 962 certa
1067 939 1098 962 et
1124 932 1158 962 in
1181 933 1306 974 optimo
1334 935 1418 961 statu
1437 931 1540 973 posita
1561 937 1593 962 et
1613 930 1655 963 ad
1669 933 1778 964 civita-

324 986 392 1012 tum
408 981 539 1014 salutem
559 982 770 1015 conducentia
793 995 942 1028 apparere
961 986 1098 1030 possint!

369 1038 413 1070 Ut
436 1049 475 1069 ex
496 1039 597 1081 prima
620 1039 673 1070 illa
696 1035 850 1072 Historiae
877 1045 1062 1075 recentioris
1087 1050 1208 1081 aetate,
1233 1053 1309 1074 cum
1337 1043 1445 1076 omnia
1473 1054 1635 1075 sacrorum
1659 1043 1780 1076 doctria'

320 1104 394 1124 nam
418 1101 594 1135 spectarent
610 1116 619 1132 ‚
642 1095 710 1125 vitii
728 1096 799 1137 plus·
813 1107 910 1139 quam
928 1098 1007 1129 boni
1023 1110 1094 1130 meo
1111 1099 1242 1142 quidem
1258 1099 1379 1140 judicio
1395 1100 1427 1129 in
1445 1110 1504 1131 nos
1515 1100 1694 1131 derivatum
1709 1109 1777 1140 est,

317 1149 403 1193 haud
431 1150 531 1180 lenior
558 1150 598 1181 de
619 1151 797 1182 commodis
823 1163 862 1183 ex
890 1153 985 1186 alterzi
1015 1155 1068 1186 illa
1097 1162 1196 1186 aetate
1215 1153 1381 1197 profectis,
1412 1165 1493 1198 quae
1521 1162 1714 1188 mercaturae
1741 1163 1775 1190 et

323 1216 422 1248 opum
440 1206 546 1236 studio
566 1207 809 1243 continebatur,
833 1210 988 1240 sententia
1004 1209 1131 1242 ferenda
1147 1218 1205 1242 est.

366 1260 456 1302 Quin
483 1260 604 1300 videte,
626 1263 666 1294 A.
684 1264 739 1302 H„
762 1269 918 1306 quantum
939 1266 1063 1298 intersit
1086 1268 1169 1299 inter
1194 1274 1357 1310 tempora,
1381 1274 1418 1300 ut
1437 1274 1504 1300 tum
1523 1267 1724 1310 ferebantur,
1745 1275 1779 1302 et

320 1316 398 1348 haee
420 1316 544 1347 nostra!

364 1373 548 1405 Certabatur
572 1374 736 1417 quondam
755 1375 839 1408 bello
867 1379 949 1410 inter
977 1380 1138 1424 principes
1160 1383 1305 1425 Europae
1326 1381 1463 1425 populos
1488 1381 1529 1413 de
1548 1381 1687 1416 imnerio
1711 1392 1778 1415 ma-

320 1430 385 1468 ris,
409 1429 448 1460 de
471 1431 722 1473 possessionibus
750 1436 985 1473 transmarinis,
1018 1426 1058 1467 de
1079 1438 1195 1480 opibus
1212 1449 1248 1470 ac
1264 1438 1410 1470 fortunae
1434 1437 1640 1472 abundantia.
1685 1436 1776 1481 Quid

322 1496 399 1517 vero
416 1485 533 1517 hodie?
554 1505 598 1512 —
619 1489 714 1519 Cesso
732 1489 870 1532 Imperio
886 1493 998 1529 maris,
1024 1494 1203 1535 posthabita
1217 1495 1418 1526 coloniarum
1440 1501 1496 1525 aut
1516 1493 1780 1528 deducendarum

323 1548 378 1573 aut
397 1543 430 1573 in
448 1541 557 1573 officio
571 1544 809 1576 retinendarum
826 1547 923 1587 cura,
942 1548 962 1579 ὁ
982 1549 1166 1581 incredibile
1183 1550 1287 1583 dictu!
1310 1551 1350 1582 de
1369 1551 1526 1582 mercibus
1548 1550 1624 1592 ipsis
1641 1558 1779 1584 certatur

308 1635 310 1637 v
324 1610 390 1630 non
402 1609 498 1629 mauu
510 1598 566 1629 sed
583 1599 712 1630 inimica
730 1608 854 1640 mente,
869 1614 935 1634 non
951 1605 1047 1635 armis
1061 1605 1118 1636 sed
1135 1605 1256 1637 infestis
1269 1608 1403 1646 animis,
1418 1617 1485 1638 non
1504 1607 1587 1637 inter
1601 1605 1780 1648 disjuncta·

326 1664 400 1685 rum
418 1660 571 1684 terrarum
588 1655 726 1698 populos
741 1680 750 1694 ‚
774 1657 828 1688 sed
851 1661 932 1690 inter
952 1661 1037 1702 ipsos
1055 1662 1198 1703 ejusdem
1214 1664 1303 1706 regni
1319 1662 1424 1703 cives!

370 1711 459 1749 Quae
473 1716 603 1742 naturae
623 1711 777 1744 beneficio
804 1715 837 1744 in
864 1717 953 1747 terris
973 1718 1172 1759 gignuntur,
1195 1729 1276 1761 quae
1293 1718 1452 1749 artificum
1473 1718 1629 1751 industria
1649 1720 1683 1751 in
1711 1722 1782 1764 opi.

329 1764 433 1796 ficinis
459 1764 664 1806 efficiuntur,
694 1779 775 1811 quae
804 1777 1013 1802 mercatorum
1042 1773 1132 1804 soler:
1151 1776 1168 1805 a
1203 1773 1339 1804 navibus
1367 1775 1491 1805 onustis
1527 1785 1582 1817 per
1609 1776 1706 1806 maria
1745 1783 1780 1809 et

329 1820 461 1851 flumina
483 1822 660 1860 vehuntur,
683 1831 759 1855 sunt
776 1835 811 1855 ea
833 1827 940 1856 omnia
959 1835 1000 1858 ita
1018 1831 1129 1862 natuifi
1148 1838 1178 1860 et
1195 1836 1260 1860 arte
1277 1835 1470 1871 comparata,
1488 1837 1524 1860 ut
1539 1830 1709 1863 hominum
1728 1835 1779 1864 iu-

329 1881 374 1904 ter
393 1875 536 1906 homines
553 1885 732 1910 societatem
749 1880 925 1920 devincire,
949 1887 1092 1925 gentium
1109 1885 1185 1915 locis
1200 1884 1521 1927 diijtiictisoimartltn
1541 1887 1679 1919 rationes
1698 1889 1781 1921 iuvi·-

325 1940 393 1961 ωιτη
404 1933 597 1974 conjungere
606 1941 636 1965 et
650 1936 970 1979 singultscivttattbus
982 1950 1076 1982 opes,
1086 1940 1248 1972 bonitates
1263 1951 1297 1971 ac
1313 1940 1501 1983 dignitatem
1519 1941 1631 1974 afferre
1641 1946 1775 1985 possint.

1678 1998 1786 2043 Quem
