1946 2517
759 195 795 226 A³
823 194 861 223 N*
892 193 921 222 N
962 192 988 222 Ο
1027 192 1056 222 Τ
1094 192 1122 221 Α
1161 192 1189 223 T
1227 193 1324 224 1⁰0:

466 289 488 315 2„
507 284 535 306 ta
562 278 596 306 ad
624 277 682 306 duo
707 275 890 313 potissimum
917 275 1012 310 capita
1037 274 1191 304 revocabo.
1230 275 1348 306 Mittam
1368 274 1639 314 igitur‚'quicquid
1662 280 1695 308 de
1715 280 1774 311 Na-

468 350 487 366 „
507 330 608 359 ruralis
623 329 768 358 Historiae
783 335 848 357 cum
869 326 1010 362 utilitate,
1032 332 1092 355 mm
1109 327 1303 364 jucunditate,
1326 327 1356 356 in
1373 329 1495 357 medium
1513 336 1612 365 posset
1624 331 1774 367 proferri,

473 401 491 416 ‚‚
511 381 590 417 quod
605 380 631 408 si
648 386 776 408 accurate
793 378 894 406 vellem
910 375 1061 413 persequi,
1084 383 1143 404 non
1161 376 1246 405 unius
1261 377 1382 414 ejusque
1403 378 1500 407 brevis
1520 379 1605 407 horae
1616 399 1627 415 ,
1648 381 1698 408 sed
1711 381 1776 416 piu·

471 451 492 467 „
512 431 584 459 rium
607 431 728 459 omnino
752 430 858 458 dierum
884 427 1029 464 spatium,
1057 425 1222 461 requireret.
1261 427 1350 465 Quod
1373 427 1439 456 dum
1467 428 1590 464 omitto,
1624 429 1660 458 tid
1686 437 1780 460 tamen

472 501 492 518 „
512 489 621 517 unum,
645 480 728 516 quasi
745 479 775 508 in
791 479 934 514 transitu,
957 485 1087 513 quaerere
1105 476 1207 513 liceat,
1227 479 1301 514 quid
1315 479 1428 509 demum
1447 480 1503 514 sit,
1525 480 1570 509 vel
1586 488 1648 510 esse
1663 481 1779 516 possit,

468 553 488 570 ,‚
507 533 588 569 quod
605 532 771 568 Theologi,
791 531 869 566 iique
891 529 1002 566 magis,
1028 536 1114 566 quam
1139 528 1188 557 alii
1215 530 1329 566 quivis,
1358 537 1406 559 aut
1430 531 1573 566 carpendo
1599 531 1702 560 eximio
1727 531 1779 560 illo

467 604 486 621 „
506 583 642 613 utilitatis
662 582 787 618 fructu,
815 589 899 617 quern
924 579 1036 610 nemine
1059 586 1178 617 negante
1197 580 1294 612 ferunt
1317 583 1384 612 haec
1415 583 1530 618 studia,
1553 584 1780 620 prohibeantur,

469 653 488 673 9,
509 641 557 664 aut
576 635 637 664 illis
652 634 838 663 interdicatur
857 633 979 662 honesta
996 631 1105 666 animi,
1127 632 1304 669 gravissimis
1329 634 1422 663 sancti
1439 635 1563 663 muneris
1587 635 1711 671 negotiis
1729 643 1780 664 aut

471 707 491 722 ‚‚
512 685 668 715 difficilium
683 693 774 714 rerum
785 691 813 713 et
832 694 848 713 a
867 684 1001 713 sensibus
1017 682 1288 712 abductissimarum
1305 684 1404 712 studio
1421 682 1589 721 defatigati,
1609 684 1782 714 recreatione

466 757 486 773 „
505 745 553 771 ea,
576 744 648 772 quae
666 744 699 764 ex
717 735 790 771 ipsis
812 735 919 770 illius,
941 734 977 762 ad
994 733 1083 770 cujus
1106 734 1221 762 cultum
1249 740 1276 762 et
1301 742 1423 763 amorem
1453 734 1585 764 homines
1608 735 1778 771 adducunt,

467 808 486 824 „
506 787 642 824 operibus
656 787 885 822 contemplandis
902 786 1070 822 percipitur.
1109 787 1269 816 Enimvero
1287 787 1358 815 duae
1381 794 1448 816 sunt
1463 796 1566 816 causae
1587 789 1775 824 praecipuae,

465 860 484 876 „
505 841 543 869 ol>
561 848 632 876 quas
647 839 795 868 Naturalis
804 837 947 867 Historiae
957 844 985 867 et
1001 838 1129 867 studium
1140 842 1168 865 et
1185 837 1247 873 eius
1262 838 1409 867 tradendae
1425 838 1576 874 provincia
1593 846 1659 866 cum
1679 837 1778 867 Theo·

465 912 484 928 ,,
505 891 564 928 logi
587 898 708 927 persona
737 890 813 917 haud
837 889 958 918 absurde
980 889 1121 927 conjungi
1137 890 1276 919 videatur.
1316 889 1412 925 Nam,
1432 898 1465 918 ex
1491 898 1545 918 una
1566 890 1681 926 quidem
1697 897 1778 926 parte

464 963 484 979 „
504 942 637 979 plurimis
650 941 728 970 Sacri
743 941 862 970 Codicis
874 962 885 977 ,
906 941 1018 970 Veteris
1036 940 1177 977 imprimis
1199 940 1384 969 Instrumenti
1397 961 1407 976 ,
1428 941 1478 969 lux
1495 949 1510 969 a
1529 941 1607 970 nulla
1622 941 1675 970 alia
1690 941 1780 970 disci-

466 1014 485 1029 „
505 994 582 1029 plina
606 992 720 1028 afferri,
742 1000 824 1027 quam
848 999 864 1019 a
887 992 1018 1021 Naturali
1043 990 1194 1026 Historia,
1222 997 1333 1026 potest.
1375 990 1532 1032 Testantur
1557 992 1612 1020 hoc
1639 991 1777 1027 eximiae,

463 1065 482 1080 „
503 1053 575 1081 quas
602 1051 810 1079 floanR'rus,
830 1050 1034 1078 maurmus,
1056 1050 1175 1081 MAJus,
1197 1049 1397 1076 SCHMlDIUS‚
1420 1049 1549 1071 TILLIUS
1574 1043 1608 1071 ad
1631 1043 1779 1072 illustran-

433 1125 435 1127 ,
464 1114 483 1131 ,,
502 1096 566 1124 dam
589 1103 718 1131 sacram,
746 1102 818 1130 quae
838 1100 979 1129 vocatur,
1008 1092 1178 1130 Zoiilogiam
1204 1092 1390 1121 contulerunt
1415 1093 1582 1127 symbolae3
1613 1098 1773 1128 testantur,

459 1166 478 1182 „
497 1154 569 1182 quae
591 1147 625 1174 de
645 1154 677 1174 ea
699 1146 918 1182 Mimralogiae
942 1152 1036 1173 sacrae
1052 1150 1149 1179 parte,
1172 1151 1227 1178 qua
1245 1143 1279 1171 de
1297 1142 1415 1178 gemmis
1435 1148 1462 1169 et
1478 1143 1611 1178 pretiosis
1628 1142 1774 1179 lapidibus

462 1217 480 1233 „
500 1197 531 1226 in
545 1196 638 1226 Sacris
657 1196 759 1226 Libris
775 1195 1006 1225 commemoratis
1023 1195 1136 1231 agitur,
1158 1201 1310 1229 fflLLmu,
1332 1201 1487 1228 ΒαΛυΝΠ,
1509 1201 1685 1230 muctam,
1705 1194 1774 1230 alii,

465 1267 483 1283 „
503 1248 610 1283 scripta
631 1247 659 1276 in
680 1247 769 1276 lucem
792 1246 969 1282 emiserunt3
993 1253 1065 1281 quae
1090 1245 1113 1273 si
1141 1252 1206 1273 eum
1231 1244 1267 1272 iis
1291 1244 1497 1279 conferantur,
1519 1253 1592 1280 quae
1614 1253 1774 1281 unsmus,

463 1318 483 1335 „
502 1306 664 1334 cocourus
677 1319 687 1334 ,
708 1306 810 1327 omaus
830 1305 984 1332 cncsws,
1004 1297 1076 1325 alios
1097 1301 1129 1324 ut
1149 1295 1277 1330 mittam,
1298 1303 1313 1323 e
1333 1295 1477 1324 Botanica
1494 1295 1647 1332 disciplina
1668 1297 1702 1324 ad
1719 1296 1774 1324 Sa-

462 1369 484 1387 „
502 1358 565 1378 crae
580 1350 744 1385 Scripturae
768 1348 912 1377 meliorem
936 1346 1152 1384 intelligentiam
1178 1346 1356 1382 attulerunt,
1393 1354 1512 1382 prorsus
1532 1347 1670 1376 evincunt
1695 1352 1779 1375 natu-

465 1419 483 1435 „
503 1401 602 1429 ralium
625 1408 717 1429 rerum
745 1399 845 1428 seriam
866 1398 1104 1435 perquisitionem
1127 1403 1155 1426 et
1180 1397 1330 1426 seientiam
1356 1397 1430 1425 haud
1457 1398 1598 1434 vulgarem
1624 1398 1777 1439 interpreti

465 1470 483 1488 ,‚
503 1452 685 1480 oraculorum
709 1450 895 1485 divinorum,
922 1457 983 1479 non
1013 1454 1122 1478 tantum
1156 1455 1216 1478 non
1239 1449 1399 1479 indecoram
1424 1456 1473 1478 aut
1499 1449 1647 1485 inutilem,
1675 1457 1773 1478 verum

469 1521 489 1538 „
508 1508 607 1531 contra
630 1502 711 1530 valde
735 1501 833 1530 utilem
859 1509 940 1536 esse,
970 1506 1057 1536 atque
1079 1506 1139 1529 non
1162 1505 1273 1530 tantum
1300 1501 1335 1530 ad
1358 1509 1423 1530 eum
1453 1501 1632 1536 ornandum,
1659 1499 1711 1529 sed
1729 1500 1774 1528 vel

465 1574 484 1589 „
503 1553 538 1581 ad
555 1553 734 1581 formandum
753 1551 895 1581 conferre.
937 1551 985 1580 Ne
1000 1558 1068 1580 vero
1084 1551 1211 1588 putetis,
1231 1552 1270 1580 A.
1289 1553 1345 1588 A„
1365 1553 1421 1590 jam
1439 1552 1546 1581 dudum
1562 1551 1658 1581 omnia
1674 1551 1728 1579 hoc
1746 1550 1776 1579 in

466 1625 484 1640 „
505 1611 604 1640 genere
619 1603 747 1639 expedita
759 1611 841 1638 esse,
859 1609 888 1631 et
902 1610 935 1631 ex
952 1602 1087 1631 fontibus
1106 1602 1295 1638 exhaustum,
1316 1603 1458 1639 quicquid
1475 1604 1531 1632 huc
1549 1603 1641 1631 facere
1660 1603 1775 1637 possit,

467 1675 487 1691 „
510 1661 542 1683 ut
562 1653 685 1683 sufficiat
714 1653 890 1690 Theologo,
909 1652 1052 1682 indicatos
1072 1652 1236 1690 Scriptores
1263 1655 1371 1684 aliosve
1395 1663 1570 1691 cognoscere
1590 1660 1619 1682 et
1645 1654 1707 1681 data
1727 1661 1780 1688 op-

467 1726 487 1742 „
506 1705 864 1743 portunitateconsulereg,
884 1711 949 1733 nam
961 1723 972 1739 ,
986 1710 1182 1740 praeterquam
1194 1706 1274 1741 quod
1284 1706 1401 1743 ingenui
1421 1706 1547 1735 hominis
1564 1713 1624 1734 non
1642 1712 1696 1740 est,
1713 1705 1780 1732 alic-

468 1778 488 1794 „
508 1757 553 1786 nis
574 1765 625 1786 nec
654 1756 714 1785 suis
737 1763 849 1785 cernere
877 1756 998 1790 oculis,
1029 1761 1078 1784 aut
1103 1756 1214 1786 rivulos
1235 1757 1360 1792 sectari,
1389 1756 1485 1786 fontes
1510 1764 1600 1784 rerum
1623 1763 1681 1784 non
1702 1754 1782 1783 vide-

463 1831 482 1848 „
503 1820 549 1847 re,
572 1817 599 1839 et
617 1799 751 1846 dulcius,
772 1817 804 1838 ut
827 1810 874 1838 ille
894 1810 951 1845 ait,
971 1817 1006 1838 ex
1024 1810 1090 1846 ipso
1106 1809 1188 1839 fonte
1209 1817 1298 1845 aquae
1316 1808 1478 1843 bibuntur;
1500 1808 1540 1835 ita
1553 1813 1716 1842 comparata
1733 1811 1778 1834 est

465 1883 484 1897 „
506 1862 650 1891 Historiae
674 1860 823 1890 Naturalis
847 1861 988 1896 scientia,
1010 1868 1042 1890 ut
1065 1869 1139 1890 nova
1155 1861 1245 1890 indies
1275 1860 1476 1894 inveniantur,
1497 1865 1525 1886 et
1552 1865 1677 1891 errores,
1700 1863 1779 1884 antea

464 1934 482 1949 „
501 1922 533 1943 ex
555 1914 714 1949 ignorantia
731 1912 849 1942 admissi
868 1919 944 1941 nunc
962 1911 1171 1948 repudientur3
1195 1912 1269 1940 unde
1285 1919 1359 1940 nova
1375 1910 1487 1946 quidem
1501 1910 1547 1937 lux
1561 1908 1692 1937 obscuris
1705 1906 1779 1935 locis

466 1983 485 1999 „
503 1964 626 1993 indidem
652 1963 793 2000 affulget,
815 1963 864 1992 sed
889 1969 933 1999 et,
955 1971 1027 1999 quae
1047 1963 1108 1992 Viri
1125 1962 1286 1992 doctissimi
1311 1961 1378 1990 olim
1405 1961 1450 1989 hic
1476 1960 1534 1988 illic
1554 1964 1716 1992 tentarant,
1738 1957 1781 1984 in-

466 2035 485 2052 „
504 2016 613 2045 terdura
629 2023 685 2046 suo
710 2016 778 2045 loco
803 2021 872 2046 sunt
892 2015 1078 2052 relinquenda
1101 2021 1129 2045 er
1143 2021 1210 2044 cum
1235 2012 1400 2043 melioribus
1422 2010 1641 2046 commutanda,
1663 2007 1718 2037 nisi
1737 2008 1780 2035 ιυ-

1702 2079 1720 2094 „
1740 2059 1783 2089 ἀὺ-
