1946 2517
387 145 427 174 ῃ.
586 159 590 164 .
796 132 1548 167 GULIELM1·DE„LPR.AT·

1926 175 1943 185 a

392 219 472 250 suam
493 218 635 248 Virtutem
654 225 767 255 semper
787 218 1025 254 imperfectiorem
1047 218 1172 247 redderet
1195 224 1283 255 atque
1306 219 1516 249 difficiliorem?
1543 219 1678 250 Felicitas
1700 221 1808 251 ideireo
1822 228 1900 255 ’tau-

386 279 447 299 rum
477 270 590 299 excludi
623 277 710 306 posse
739 269 852 298 videtur
877 268 1011 304 quoniam
1035 277 1094 299 non
1115 269 1173 298 nisi
1195 271 1230 299 de
1257 270 1394 300 felicitate
1415 270 1538 307 ignobili
1561 270 1632 300 falsa
1659 277 1746 308 atque
1771 275 1897 304 sensuali

387 321 541 359 cogitatur.
592 321 624 349 Si
650 320 793 358 ejusmodi
822 319 944 349 felicitas
978 319 1139 357 indicetur;
1171 330 1243 357 quae
1275 322 1414 350 humanae
1443 321 1577 358 dignitati
1603 324 1778 360 conveniat,
1807 333 1894 361 quae-

387 381 443 409 que
463 373 612 401 hominum
640 380 667 401 et
690 370 851 401 attentione
873 377 901 400 et
926 371 1067 401 desiderio
1096 371 1184 409 digna
1205 378 1303 408 esset,³
1319 379 1372 400 cur
1397 379 1455 401 non
1480 372 1577 402 liceret
1603 373 1642 402 ad
1663 372 1735 404 hauc
1759 375 1790 405 in
1813 373 1902 408 Ethi-

384 432 416 453 ca
446 423 590 453 attendere
600 424 615 453 *Ξ

786 595 1498 627 CONCLU810·.

420 686 452 715 Si
477 694 555 716 nunc
576 694 610 715 ex
635 686 731 716 animo
759 686 899 716 sententia
917 686 1030 715 ferenda
1051 694 1117 723 est,
1144 687 1214 723 quid
1233 687 1462 724 respondendum
1484 687 1653 725 quaestioni
1675 688 1723 717 ill'r
1737 689 1903 725 quantini'*

379 738 423 767 ti'o
447 737 591 766 fecimus:
623 746 692 767 num
718 743 872 774 systemata
897 738 1144 775 philosophorum
1173 739 1275 767 claram
1300 747 1454 775 veramque
1479 740 1565 769 nobis
1589 739 1776 769 ostenderunt
1801 741 1897 777 viam,

380 790 415 818 ad
443 789 585 818 Virtutem
611 796 638 817 et
662 789 696 817 ad
723 789 806 817 finem
834 789 974 817 humanae
1001 789 1076 817 vitae
1101 789 1316 826 indagandum?
1363 791 1443 820 Num
1470 790 1556 819 nobis
1580 789 1768 820 ostenderunt
1793 790 1902 820 Felici-

382 845 466 868 tatem
499 848 566 868 cum
597 839 713 869 Virtute
739 841 946 876 conjunctam,
976 839 1153 869 Felicitatem
1186 848 1265 877 quas>
1285 841 1410 870 hominis
1435 840 1585 870 desideriis
1610 840 1796 879 satisfaciat,
1819 849 1901 878 prae·

383 890 505 926 beatque
537 890 672 919 solatium
696 890 725 919 in
752 891 827 919 vitae
850 891 959 920 malis?
1856 902 1870 921 ·τ

420 941 561 970 Universe
588 941 834 977 philosophorum
853 943 1032 978 placitorum·
1053 943 1143 972 studii
1169 943 1237 973 haec
1262 952 1325 973 esse
1346 944 1425 973 ratio-
1440 943 1574 979 videtur,
1602 950 1640 973 ut
1660 944 1776 980 quidem
1800 944 1900 980 legen·

381 991 453 1029 tium
483 999 632 1020 assensum
660 991 745 1020 facile
772 992 829 1021 sibi
853 992 1010 1022 conciliem
1030 1000 1058 1022 et
1082 995 1117 1022 ad
1141 994 1268 1024 animum
1296 995 1489 1024 excolendum·
1513 994 1624 1031 egregie
1649 1000 1814 1030 comparata
1834 1003 1899 1024 esee

382 1042 541 1073 videantur.
580 1042 622 1071 At
646 1043 670 1071 si
689 1051 787 1072 eorum
813 1044 945 1080 dogmata
967 1044 1002 1073 de
1018 1045 1224 1081 conjunctione
1238 1046 1367 1076 Virtutis
1383 1052 1411 1074 et
1428 1045 1586 1074 Felicitatis
1606 1045 1668 1073 sine
1687 1044 1812 1080 partium
1832 1051 1894 1073 stu-

382 1093 430 1121 dio
450 1093 675 1130 perpendimus,
696 1102 793 1123 nonne
809 1093 999 1123 confiteamur
1021 1102 1138 1124 necesse
1157 1101 1203 1124 est
1223 1095 1381 1124 miserrime
1402 1095 1556 1125 nobiscum
1584 1101 1687 1124 actum<
1706 1102 1769 1124 esse
1791 1094 1818 1123 si
1839 1102 1899 1126 non

381 1144 439 1172 nisi
461 1153 494 1173 ex
518 1145 763 1180 philosophorum
787 1145 903 1181 placitis
920 1144 1046 1174 Virtutis
1063 1145 1280 1183 Felicitatisque
1302 1148 1433 1184 cognitio
1457 1147 1567 1176 homini
1593 1147 1748 1176 haurienda
1770 1147 1871 1176 esset?

416 1194 446 1222 Si
472 1196 547 1224 vitae
570 1196 765 1232 humanaeque
789 1202 908 1225 naturae
930 1196 1068 1225 rationem
1092 1205 1159 1227 non·
1177 1198 1221 1226 uti
1244 1198 1418 1235 philosophi
1446 1204 1506 1228 eam
1533 1197 1594 1227 sive
1619 1197 1706 1227 nobis
1733 1204 1898 1234 repraesen-

378 1252 440 1275 tant
465 1247 526 1275 sive
552 1247 609 1283 ipsi
636 1247 694 1276 sibi
721 1247 857 1285 fingunt,
888 1247 939 1276 sed
966 1247 1064 1283 qualis
1095 1257 1191 1278 revera
1216 1256 1260 1278 est
1288 1250 1449 1279 nobiscum,
1478 1256 1666 1286 reputamus,
1693 1248 1898 1277 animadverte-

376 1303 444 1325 mus
474 1305 558 1333 saepe
587 1298 653 1326 talia
679 1298 803 1327 incidere
829 1305 958 1335 tempora
984 1298 1015 1326 in
1048 1298 1157 1334 quibus
1184 1298 1366 1327 infelicitatis
1389 1300 1454 1327 telis
1478 1305 1534 1327 tam
1567 1298 1671 1326 acriter
1701 1297 1810 1333 petitur
1835 1298 1896 1324 ani·

376 1355 459 1383 mus,
488 1355 537 1377 aut
566 1347 601 1378 in·
620 1348 727 1384 quibus
748 1349 873 1377 Virtutis
900 1355 959 1376 vox
991 1348 1025 1376 ad
1052 1353 1168 1383 tempus
1193 1354 1250 1376 tam
1278 1348 1362 1376 facile
1396 1348 1568 1376 obtunditur
1596 1354 1624 1375 et
1651 1353 1724 1382 pene
1745 1346 1829 1375 silere
1850 1345 1903 1375 vi-

378 1400 479 1434 detur,
503 1405 559 1434 ut,
582 1399 639 1428 nisi
666 1399 824 1435 praecept-is
848 1404 875 1427 et
896 1397 1036 1427 doctrinis
1055 1397 1146 1434 major
1165 1405 1250 1435 quarn
1277 1405 1348 1433 quae
1371 1406 1386 1425 a
1411 1396 1596 1434 philosophis
1618 1396 1892 1432 petitur-auctoritas

376 1450 468 1486 adsit,
488 1450 551 1487 ipsa
573 1449 744 1485 ratiocinia,
771 1457 945 1485 quamquam
963 1449 1051 1477 semel
1068 1447 1186 1476 anobis
1206 1448 1325 1484 probata
1335 1448 1412 1483 ,vix
1431 1456 1463 1476 ac
1482 1455 1518 1477 ne
1535 1448 1584 1476 vix
1602 1447 1718 1483 quidem
1738 1446 1796 1478 vim
1810 1455 1892 1479 suam

375 1501 535 1537 retineant,
557 1508 597 1530 ut·
613 1501 673 1531 sive
700 1501 763 1530 vitii
784 1500 927 1529 illecebris
955 1501 1018 1529 sive
1041 1495 1221 1528 infelicitatis
1247 1499 1427 1529 fulminibus
1447 1500 1627 1529 resistamus.

413 1552 530 1590 Quodsi
554 1553 643 1590 igitur
665 1552 826 1589 opiniones
843 1558 959 1582 nostrae
985 1552 1019 1581 de
1044 1551 1162 1582 Vintute
1183 1557 1211 1579 et
1233 1551 1382 1580 Felicitate
1405 1559 1464 1580 non
1493 1551 1550 1581 ulsi
1574 1550 1604 1579 in
1628 1550 1739 1580 nostris
1765 1550 1891 1588 propriis

373 1603 533 1632 ratiociniis
555 1603 691 1632 fundatae
712 1610 829 1639 essent,
857 1603 994 1631 facillime
1020 1610 1069 1631 eas
1095 1602 1279 1632 labefactaret
1303 1611 1369 1632 cum
1394 1602 1580 1632 infelicitatis-
1601 1602 1799 1638 vehementia,
1829 1608 1892 1633 tum

374 1655 528 1684 dubiorum
551 1655 678 1692 impetus
689 1665 707 1692 3·
721 1663 749 1684 et
771 1656 870 1684 subito
893 1654 1078 1683 recideremus
1104 1653 1134 1682 in
1159 1652 1387 1683 incertitudinem
1411 1654 1488 1682 illam
1515 1661 1602 1689 atque
1625 1653 1816 1690 ignorantiam
1838 1659 1892 1681 cu·

359 1698 422 1741 ‘ius
451 1705 581 1735 tenebras
607 1714 661 1743 per
683 1706 926 1744 philosophorum
952 1705 1153 1735 meditationes
1180 1712 1302 1735 remotas
1329 1714 1391 1734 esse
1417 1706 1503 1734 nimis
1535 1705 1643 1734 creduli
1668 1702 1884 1733 arbitrabamur.

375 1756 434 1784 Sed·
457 1764 521 1785 cum
548 1758 717 1794 conjunctio
742 1757 869 1787 Virtutis
889 1765 916 1785 et
933 1757 1090 1785 Felicitatis
1114 1756 1197 1786 nullo
1221 1758 1305 1794 plane
1330 1763 1414 1793 pacto
1435 1755 1579 1785 constitui
1599 1755 1695 1792 possit
1721 1753 1779 1783 nisi
1801 1753 1894 1783 animi

372 1805 586 1838 immortalitate
605 1817 665 1839 non
682 1809 840 1847 adjumenti
863 1809 911 1837 sed
933 1808 1116 1845 fundamenti
1140 1809 1206 1837 loco
1231 1808 1348 1846 posita,
1368 1815 1492 1844 cumque
1510 1814 1566 1836 una
1588 1805 1703 1842 Religio
1719 1805 1784 1843 (ᾳ)
1813 1804 1886 1834 hanc

1835 1863 1892 1885 rm-

403 1935 467 1970 (1)
488 1937 553 1963 Mais
571 1941 584 1964 a
602 1946 649 1964 ces
666 1947 730 1966 m0ts
746 1940 869 1972 J'entends
885 1938 998 1965 §elever
1015 1940 1051 1965 les
1072 1941 1192 1967 clameurs
1212 1940 1256 1966 des
1282 1940 1415 1972 pretendus
1442 1945 1521 1971 suges.
1559 1938 1666 1965 Erreurs
1689 1937 1721 1964 de
1746 1935 1889 1967 Peumata,

370 1983 489 2016 prcjirgus
509 1983 540 2010 de
563 1984 733 2018 reducauon,
752 1986 871 2026 s'tiujient
888 1988 919 2013 ils
938 1993 994 2013 tous
1015 1985 1048 2012 de
1066 1993 1184 2013 concert.
1220 1985 1355 2013 Reuss—m
1376 1987 1455 2012 limile
1474 1993 1501 2018 pr
1520 1985 1579 2017 263.
