1946 2517
317 159 350 195 38
693 157 733 188 H.
812 157 845 187 P.
924 163 993 187 nn
1074 155 1438 187 KANTER

358 239 493 271 Diximus
519 246 637 275 quoque
660 239 694 267 de
719 238 916 275 detrimentis,
938 247 973 267 ex
994 237 1084 276 hujus
1106 237 1251 275 praecepti
1274 238 1406 274 neglectu
1427 237 1458 267 in
1482 244 1538 267 rem
1563 237 1766 268 Christianamv
1783 247 1833 268 re-

316 291 505 326 dundaturis,
534 298 606 326 quae
631 298 726 319 revera
745 298 843 326 magna
869 296 938 319 sunt
962 296 990 318 et
1012 290 1066 318 late
1094 291 1226 325 patentia.
1268 289 1449 324 Enimvero,
1476 289 1502 318 si
1526 295 1638 319 tautum
1667 288 1762 325 absit,
1791 296 1824 319 ut

317 341 452 370 minister
475 350 554 370 sacer
578 349 651 369 suae
674 341 738 376 ipse
757 340 831 369 vitae
853 341 1015 377 exemplum
1034 342 1149 376 coetui,
1170 341 1218 370 cui
1244 348 1374 377 praeest,
1395 340 1431 369 ad
1453 340 1640 369 imitationem
1665 349 1827 378 proponere

315 393 434 428 possit,
453 399 486 420 ut
512 392 643 421 universa
672 391 733 428 ejus
755 391 856 427 agendi
880 391 953 420 ratio
978 392 1014 420 ab
1037 399 1090 426 ea,
1113 399 1186 427 quae
1216 393 1359 421 hominem
1391 391 1590 428 Christianum
1617 393 1719 429 decet,
1740 393 1826 430 longe

315 450 423 472 remota
446 444 503 478 sit,
524 442 715 479 intelligitur,
743 442 778 470 ab
801 451 834 471 eo
860 443 936 472 dicta
960 449 987 471 et
1017 443 1126 472 monita
1157 453 1171 472 a
1196 443 1329 478 plurimis
1354 443 1497 472 contemni
1521 450 1548 472 et
1571 444 1678 480 negligi
1700 450 1727 472 et
1749 444 1828 473 omni

320 494 489 531 plerumque
516 494 613 522 fructu
637 502 741 523 carcre.
782 493 820 522 Et
844 494 910 529 quis
942 503 1049 530 quaeso
1081 496 1217 531 miretur,
1246 496 1355 524 multos
1378 503 1501 530 eorum,
1529 495 1602 523 inter
1633 503 1709 530 quos
1731 503 1827 524 verse·

318 550 383 579 tur,
405 552 589 580 quorumque
613 545 770 574 animorum
799 553 866 574 cura
893 547 918 575 ei
947 552 992 575 est
1014 547 1199 582 demandata,
1232 547 1262 576 in
1289 546 1392 575 multas
1417 554 1563 582 perversas
1590 552 1619 574 et
1642 546 1743 575 noxias
1762 545 1826 582 opi-

316 596 418 625 niones
443 596 583 630 incidere,
614 596 713 631 quales
740 604 765 625 e.
790 606 819 634 g.
847 604 935 627 sunt:
965 607 1024 627 non
1050 605 1105 627 tam
1129 599 1208 628 firma
1234 606 1297 626 esse
1321 605 1506 634 argumenta,
1536 597 1645 633 quibus
1665 596 1825 634 Religionis

315 645 498 674 Christianae
526 647 608 683 origo
637 654 664 675 et
695 649 851 677 auctoritas
893 650 990 678 divina
1022 649 1211 678 demonstrari
1238 649 1346 684 soleat,
1375 655 1406 676 ut
1437 649 1472 677 iis
1497 654 1562 677 tuto
1595 649 1743 677 nitendum
1766 648 1826 684 sit,

313 697 388 732 ipsis
410 698 484 726 enim
512 706 606 726 rerum
637 706 778 726 sacrarum
805 699 986 728 antistitibus
1012 702 1046 729 de
1070 709 1102 729 ea
1126 709 1187 730 nou
1215 708 1383 736 persuasum
1407 700 1518 736 videri3
1547 700 1646 728 deinde
1669 708 1729 728 non
1749 700 1825 736 ejus-

314 749 391 777 modi
418 757 480 778 esse
505 750 615 785 officia,
639 758 710 785 quae
735 750 764 778 in
791 749 942 787 Religione
972 752 1138 781 Christiana
1167 752 1381 788 injunguntur,
1408 757 1440 779 ut
1466 751 1574 786 expleri
1602 757 1730 786 queant,
1752 759 1823 787 qua·

313 807 433 836 propter
458 801 488 829 in
511 802 573 838 eJus
595 800 778 837 professione
800 802 942 837 acquiesci
967 812 1071 839 posse,
1098 812 1158 832 non
1183 802 1280 831 omnia
1309 809 1383 830 certe
1412 802 1446 829 de
1467 801 1526 829 vita
1552 807 1580 829 et
1606 801 1736 830 moribus
1761 801 1825 830 ani-

318 859 424 886 moque
452 852 627 881 emendando
656 859 804 888 praecepta
822 853 904 881 anxie
929 861 991 882 esse
1010 855 1178 890 premenda,
1200 860 1228 882 et
1244 854 1377 889 inanem,
1401 853 1435 881 de
1458 853 1590 881 universa
1619 853 1693 881 vitae
1716 852 1826 882 ratione

324 902 401 930 omni
428 909 557 938 tempore
587 909 614 931 et
646 903 747 932 *ubivis
775 904 810 932 ad
832 903 994 941 Religionis
1028 905 1209 935 Christianae
1235 912 1362 933 normam
1392 903 1558 940 dirigenda,
1585 911 1647 932 esse
1682 903 1828 933 sollicitu-

314 952 428 988 dinem,
449 961 513 981 cum
538 954 629 983 multa
657 955 713 982 huc
743 955 913 990 pertinentia
941 955 960 984 ii
986 955 1042 992 ipsi
1066 964 1167 992 parum
1193 963 1312 991 curent,
1343 955 1394 991 qui
1417 955 1575 984 voluntatis
1597 954 1714 983 divinae
1739 954 1826 984 inter-

316 1010 410 1039 pretes
437 1012 466 1032 et
488 1004 562 1033 vitae
583 1004 766 1034 Christianae
790 1006 918 1042 magistri
942 1006 1039 1035 haberi
1063 1008 1186 1037 soleant.

352 1055 420 1083 Dici
442 1054 575 1090 profecto
600 1063 658 1083 non
680 1062 798 1091 potest,
823 1063 929 1099 quanta
954 1058 998 1086 vis
1024 1063 1051 1085 et
1080 1058 1199 1086 efficacia
1224 1058 1262 1086 sit
1287 1058 1428 1093 exempli,
1451 1057 1530 1093 quod
1557 1064 1656 1084 omnes
1681 1055 1823 1084 continuo

321 1104 488 1133 intueantur
508 1111 535 1132 et
563 1112 645 1133 tanto
673 1106 761 1142 magis
781 1106 955 1142 observent,
977 1115 1036 1143 quo
1058 1109 1148 1145 major
1170 1108 1296 1137 muneris
1318 1116 1415 1136 eorum
1439 1107 1477 1136 sit
1496 1107 1643 1143 dignitas,
1671 1113 1747 1141 quos
1772 1114 1824 1134 su-

318 1155 429 1191 spicere
452 1162 479 1184 et
505 1156 615 1184 honore
638 1156 777 1192 prosequi
806 1165 856 1193 par
880 1158 938 1194 sit,
960 1164 988 1187 et
1012 1160 1134 1188 maxime
1159 1160 1271 1196 quidem
1296 1161 1433 1195 illorum,
1456 1167 1580 1195 quorum
1601 1158 1687 1187 officii
1708 1159 1781 1188 ratio
1798 1159 1826 1187 id

312 1206 435 1234 omnino
459 1206 553 1241 ferat,
583 1212 614 1234 ut
639 1207 711 1235 alios
742 1208 777 1236 ad
812 1215 886 1236 recte
909 1215 936 1238 et
960 1211 1051 1246 probe
1074 1211 1226 1239 vivendum
1255 1212 1434 1240 vehementer
1454 1211 1606 1239 hortentur
1629 1217 1656 1238 et
1690 1210 1824 1239 incitent.

317 1257 440 1293 Egregia
464 1257 535 1285 hauc
560 1257 588 1284 in
611 1266 666 1286 rem
689 1264 715 1286 et
738 1258 930 1288 efficacissima
967 1267 1036 1289 sunt
1066 1262 1159 1296 ipsius
1181 1262 1251 1299 Jesu
1276 1263 1370 1291 effata.
1414 1261 1479 1291 Nec
1507 1262 1603 1290 solum
1630 1261 1754 1298 graviter
1773 1261 1821 1290 ille

319 1307 429 1343 docet,
462 1314 600 1342 quantum
631 1309 707 1344 apud
742 1310 872 1339 homines
900 1312 991 1339 valeat
1025 1313 1147 1341 aliorum
1172 1314 1330 1349 exemplum
1368 1312 1458 1342 Matt.
1487 1313 1532 1342 V:
1554 1314 1600 1342 16.
1628 1313 1676 1341 sed
1710 1320 1820 1342 summa

321 1359 458 1395 παρῥησίᾳ
493 1366 576 1386 suum
611 1358 672 1395 ipse
709 1362 869 1396 exemplum
900 1363 1037 1391 omnibus
1071 1364 1261 1393 sectatoribus
1285 1365 1349 1392 suis
1379 1365 1414 1393 ad
1440 1364 1606 1392 imitandum
1639 1363 1823 1392 commenda·

318 1409 381 1444 vit,
408 1409 495 1438 Matt.
516 1411 576 1439 Xl:
601 1419 650 1447 29.
681 1410 767 1447 Joan.
790 1413 877 1443 ΧΙΙΙε
899 1422 947 1451 15.
968 1416 1043 1444 XV:
1068 1423 1113 1445 12.
1153 1415 1185 1444 In
1211 1416 1308 1444 eodem
1336 1414 1559 1444 commendando
1584 1415 1723 1450 Apostoli
1751 1423 1825 1451 quo.

316 1467 372 1494 que
397 1460 506 1495 passim
531 1469 641 1489 summa
667 1462 812 1498 diligentia
834 1465 937 1492 versati
963 1472 1042 1496 sunt.
1095 1466 1185 1495 Conf.
1208 1467 1315 1495 monita
1342 1467 1418 1495 Petri
1449 1466 1531 1503 tEp.
1554 1467 1603 1494 11:
1627 1473 1674 1502 25.
1697 1466 1818 1504 Joannis

322 1520 332 1541 1
358 1512 410 1548 Ep.
438 1513 483 1542 11:
507 1514 537 1542 6.
563 1513 621 1543 111:
647 1515 690 1544 16.
731 1516 811 1545 Panli
831 1517 907 1546 Phil.
929 1516 972 1547 11:
994 1528 1023 1556 5.
1076 1519 1132 1548 Hic
1161 1527 1244 1547 suum
1279 1526 1396 1554 quoque
1418 1517 1577 1552 exemplum
1601 1517 1706 1553 respici
1731 1519 1826 1547 voluit

315 1561 390 1592 Phil.
413 1562 470 1592 111:
496 1573 541 1600 17.
581 1573 592 1593 1
609 1565 681 1595 Cor.
703 1566 766 1596 lV:
792 1568 836 1596 16.
858 1568 917 1597 Xl:
939 1579 966 1599 1.
1007 1570 1048 1599 Et
1073 1578 1186 1605 revera,
1208 1576 1240 1598 ut
1263 1568 1493 1605 Apostolorum,
1515 1568 1555 1597 ita
1581 1575 1609 1597 et
1634 1569 1824 1604 plurimorum

313 1615 373 1641 aevi
400 1614 566 1649 Apostolici
593 1615 826 1644 Christianorum
856 1619 931 1647 vitae
957 1620 1126 1656 integritas,
1156 1619 1285 1655 probitas
1318 1625 1346 1647 et
1374 1626 1500 1654 spectata
1526 1619 1617 1648 virtus
1640 1621 1675 1648 ad
1699 1621 1822 1650 divinam

314 1663 437 1698 optimae
459 1664 621 1701 Religionis
653 1667 791 1703 originem
817 1675 844 1696 et
872 1669 1070 1699 auctoritatem
1094 1671 1228 1707 plurimis
1255 1670 1509 1699 commendandam
1537 1677 1564 1699 et
1593 1671 1680 1709 longe
1709 1673 1822 1709 lateque

314 1715 549 1751 propagandam,
573 1717 647 1745 haud
672 1726 772 1753 parum
802 1720 939 1750 contulit.

351 1883 397 1912 En
419 1883 480 1912 Viri
507 1885 684 1915 Clarissimi!
708 1895 780 1923 quae
805 1889 839 1916 de
864 1889 967 1917 celebri
994 1890 1068 1919 Petri
1095 1891 1163 1920 loco
1189 1900 1241 1928 pro
1266 1892 1376 1920 viribus
1403 1893 1543 1922 elaborata
1571 1894 1693 1930 probato
1719 1900 1814 1923 vestro

311 1936 422 1970 J'uiicio
444 1940 572 1968 moleste
597 1941 748 1973 submitto.
789 1942 876 1980 Quod
902 1951 1056 1981 superest,
1078 1943 1204 1974 officiose
1228 1951 1318 1980 rogo,
1339 1952 1373 1972 nc
1402 1945 1430 1973 id
1454 1944 1577 1981 juvenili
1597 1944 1746 1973 temeritati
1768 1944 1818 1972 tri-

1753 1993 1822 2024 bua-
