1946 2517
673 170 1090 203 ORATIO.
1583 181 1621 213 19

141 266 354 312 praestantius
393 265 527 307 erigetur
565 263 714 307 templum
730 287 738 300 ,
782 265 840 295 ubi
867 275 929 307 pro
967 262 1119 306 dignitate
1155 264 1333 306 meritis-que
1367 262 1488 294 debitas
1520 263 1622 299 honos

149 324 302 356 tribuetur
335 321 520 364 Cht'rurgc'ae
539 344 548 358 ,
592 328 623 352 et
655 319 740 351 mule
770 332 866 363 supra
899 320 1016 351 altaria
1055 323 1180 351 accensa·
1223 323 1300 363 ignis
1331 320 1472 352 salubres
1508 321 1620 353 odores

148 379 241 422 longe
264 378 391 422 lateque
414 378 645 422 dispergentur,
678 377 794 422 (Clccr.
819 388 894 409 VAN
918 388 1084 409 ΜΑΛΝΕΝ
1111 377 1208 420 Or.)

195 492 327 524 Utinam
353 499 459 524 autem
484 492 562 524 haec
585 503 654 524 mea
677 496 759 525 ratio
780 492 819 523 ad
844 503 914 524 eam
937 491 1147 535 persuadendi
1175 492 1241 522 vim
1269 502 1432 535 assurgere
1458 491 1622 530 valuisset,

151 555 189 581 ut
219 548 333 588 vobis,
373 548 573 591 Amplissimi
600 549 698 592 hujus
724 551 860 582 civitatis
884 551 1109 593 magistratus,
1148 550 1346 582 Nobilissimi
1375 549 1532 580 Athenaei
1560 551 1623 581 Cu-

152 610 296 641 ratores,
335 611 512 647 peroratam
548 615 690 637 caussam
725 607 857 649 probare
891 608 1077 649 potuissem.
1133 609 1171 638 In
1205 613 1308 638 vestra
1343 605 1528 637 liberalitate
1555 617 1624 637 om-

151 670 227 692 nem
255 661 470 703 optatissimae
496 661 594 702 hujus
625 663 671 692 rei
696 673 783 705 spem
813 663 997 694 coltocatam
1027 663 1200 702 habemus3
1231 673 1326 705 quam
1351 665 1376 694 si
1402 673 1462 693 vos
1484 661 1625 693 frustrati

153 727 223 748 non
247 715 390 755 fueritis,
420 717 606 748 incredibile
630 726 788 760 quantum
814 718 853 749 ad
880 718 976 760 hujus
1003 721 1139 752 civitatis
1166 719 1434 762 amplitudinem,
1464 718 1503 749 ad
1528 718 1626 750 Athe-

155 773 229 804 naei
257 773 442 810 commoda,
477 774 515 805 ad
544 785 748 805 communem
779 775 917 817 patriae,
949 776 1031 813 imo,
1069 777 1212 807 universi
1238 777 1361 819 generis
1386 775 1627 807 humauisaiu-

157 834 222 860 tem
247 829 420 861 contulisse
443 830 725 873 praedicabimiui:
758 838 788 862 et
817 833 902 864 haud
931 845 1075 877 unquam
1101 833 1244 876 profecto
1266 833 1450 865 laetioribus
1477 834 1626 876 auspiciis

158 887 332 930 quisquam
363 898 484 919 munus
514 899 609 918 suum
642 889 823 931 auspicatus
847 889 961 928 fuerit,
994 901 1091 933 quam
1115 893 1140 922 si
1168 891 1266 933 hujus
1289 890 1352 921 diei
1378 890 1561 922 solemnitas
1589 889 1628 921 ad

160 942 245 974 hanc
268 950 409 975 nostram
434 954 521 986 spem
547 951 646 975 ratam
670 944 845 977 faciendam
870 946 1021 977 nonnihil
1045 948 1244 990 promovisse
1268 946 1424 978 videatur.

153 997 157 1001 ’
204 999 286 1038 Sed,
322 999 420 1041 hujus
448 1000 658 1032 solemnitatis
686 1004 991 1035 commemoratione
1017 1009 1048 1034 et
1074 1004 1145 1046 ipso
1168 1004 1267 1035 animi
1293 1002 1401 1034 studio
1428 1002 1631 1042 admonitus,

157 1054 318 1099 inpletum
355 1061 448 1098 grato
483 1067 579 1087 sensu
616 1058 761 1088 animum
795 1069 867 1101 erga
908 1061 989 1096 Vos,
1025 1061 1095 1092 Viri
1128 1059 1358 1097 Illustrissimi,
1395 1069 1461 1090 non
1499 1069 1630 1101 possum

159 1113 241 1156 'quin
275 1114 310 1144 in
347 1108 474 1156 publica
510 1114 607 1146 verba
637 1115 773 1149 solvam.
835 1120 944 1149 Vestro
971 1117 1091 1155 favori,
1123 1127 1218 1159 quem
1249 1115 1344 1147 hodie
1369 1126 1524 1158 occupare
1551 1115 1631 1146 mihi

158 1168 234 1201 licet
266 1169 392 1208 locum,
435 1170 557 1210 debe03
593 1171 653 1203 hac
684 1179 787 1204 vestra
819 1174 986 1205 vocatione
1015 1173 1209 1216 adscriptum
1240 1183 1292 1203 me
1318 1172 1412 1204 video
1438 1172 1629 1204 clarissimo-

160 1237 235 1258 rum
262 1225 370 1258 ordini
399 1227 573 1266 Virorum,
603 1227 722 1271 quibus
747 1229 883 1261 ducibus
910 1241 1040 1261 omnem
1067 1230 1326 1270 institutionem,
1348 1229 1520 1272 sapientiae
1542 1239 1631 1272 prae-

162 1290 278 1326 cepta,
314 1294 531 1327 omnemque,
573 1285 600 1316 si
637 1296 700 1328 qua
733 1293 780 1317 est
814 1287 846 1317 in
882 1297 952 1325 me,
991 1285 1093 1317 debeo
1127 1285 1318 1317 doctrinam.
1380 1287 1480 1328 Cujus
1515 1285 1633 1317 favoris

159 1339 246 1370 mihi
277 1351 316 1371 eo
344 1341 464 1382 majora
496 1347 573 1372 sunt
598 1342 740 1383 gaudia,
771 1354 845 1374 cum
868 1343 1023 1386 optimam
1052 1348 1085 1380 et
1106 1343 1328 1373 suavissimam
1357 1342 1438 1374 mihi
1464 1342 1633 1385 praebeant

166 1397 367 1424 occasionem
400 1397 528 1435 penitus
557 1408 608 1425 me
633 1397 798 1427 addicendi
828 1399 890 1429 illis
914 1400 1076 1434 scientiis,
1108 1409 1246 1439 quarum
1275 1398 1418 1429 studium
1448 1409 1544 1440 quam
1569 1409 1634 1430 ma-

165 1449 254 1481 xime
288 1458 413 1491 semper
447 1448 528 1480 mihi
562 1450 685 1487 arrisit,
715 1456 748 1481 et
773 1453 807 1482 in
831 1463 968 1495 quarum
990 1453 1188 1496 amplissimo
1211 1455 1472 1495 perscrutationis
1497 1465 1632 1498 camp0‚

158 1505 193 1538 ‘si
216 1507 344 1537 Numen
373 1506 548 1547 propitium
575 1505 682 1548 plures
712 1506 792 1538 mihi
818 1511 1008 1542 concesserit
1035 1510 1117 1541 vitae
1141 1520 1261 1548 annos,
1292 1521 1421 1541 omnem
1446 1521 1633 1543 consumere

166 1569 299 1594 aetatem
325 1572 421 1606 quam
449 1564 585 1593 maxime
611 1570 698 1606 opto.
755 1566 839 1596 Dum
868 1574 972 1598 autem
1003 1577 1061 1609 pro
1087 1567 1148 1597 isto
1175 1566 1331 1597 benevolo
1355 1577 1428 1608 erga
1454 1578 1502 1598 me
1527 1569 1635 1598 animo

161 1618 313 1662 'publicas
338 1617 431 1649 vohis
455 1625 486 1649 et
511 1619 648 1650 sinceras
674 1621 789 1662 gratias
813 1631 889 1661 ago,
921 1620 1102 1665 balteoque,
1135 1633 1248 1665 meque
1272 1633 1332 1665 pro
1356 1622 1416 1653 hoc
1438 1623 1543 1654 fzivore
1569 1636 1634 1655 uon

160 1674 276 1706 -levner
296 1674 389 1705 vobis
410 1674 597 1705 obstrictum
619 1676 790 1717 profiteor:
815 1677 855 1706 ab
878 1677 972 1707 aliem
993 1685 1080 1720 parte
1101 1685 1206 1710 tamen
1231 1682 1366 1711 maxime
1390 1680 1492 1709 sentio
1517 1682 1636 1722 gravis-

161 1733 280 1763 simum
308 1742 410 1770 onus,
443 1732 530 1775 quod
557 1733 637 1764 mihi
660 1726 839 1777 viupusitum
864 1740 921 1766 est.
977 1734 1037 1764 Sed
1064 1735 1145 1765 nihil
1170 1746 1220 1766 me
1239 1736 1345 1778 prius,
1372 1736 1451 1767 nihil
1471 1741 1634 1779 antiquius

165 1788 302 1826 habere,
335 1799 432 1831 quam
460 1796 493 1820 ut
519 1791 608 1820 omni
627 1790 789 1832 diligentia
809 1791 917 1823 sallem
934 1797 965 1822 et
980 1791 1188 1831 adsiduitate,
1212 1804 1245 1823 ιιι
1261 1794 1464 1836 exsequenda
1488 1806 1635 1833 munere,

163 1857 252 1889 spem
287 1856 303 1876 a
324 1846 413 1877 vobis
440 1847 479 1877 de
504 1858 554 1877 me
577 1849 718 1890 meisque
745 1848 859 1878 studiis
888 1846 968 1878 forte
992 1856 1190 1890 susceptam,
1214 1850 1239 1879 si
1265 1861 1329 1880 non
1356 1851 1515 1892 expiem),
1549 1858 1636 1882 tuear

163 1910 270 1934 tamen
302 1909 332 1933 et
365 1904 561 1941 sustinfflm3
603 1903 634 1934 id
667 1905 757 1934 omui
790 1906 898 1935 studio
934 1917 969 1936 ac
999 1906 1106 1936 labor-e
1140 1917 1190 1936 me
1218 1908 1310 1937 vobis
1339 1907 1634 1949 probaturvnn-esse

164 1958 307 1991 conlido.
368 1961 406 1990 Ei
438 1960 526 2002 quod
559 1960 598 1991 ad
631 1963 814 2003 &levissima
842 1972 983 1993 [nuuc-ris
1008 1962 1270 2001 attinet-'‘ossieia,
1297 1963 1385 1994 vaide
1417 1975 1452 1994 ea
1479 1965 1635 1994 continuo

962 2020 987 2048 C
1012 2029 1029 2048 2
1561 2021 1635 2050 sub·
