1946 2517
366 137 405 169 ιε
809 140 849 172 H.
928 137 1400 178 ›BOS‘SCHAJ

362 240 454 267 sum,
480 239 545 272 quo
569 230 675 261 minus·
699 231 867 273 gratissimi
891 230 990 260 animi
1017 240 1114 261 sensu
1141 229 1291 269 affectus,
1316 231 1415 274 hujus
1442 232 1517 263 artis
1536 242 1723 275 progressus
1745 244 1835 278 praes·

365 287 467 319 «licem
492 296 522 319 et
545 290 732 331 sus1›ici:.¹m;
754 300 827 320 cum
853 289 972 332 quibus
993 289 1019 320 si
1044 288 1139 319 vilem
1162 290 1394 331 comparaveris
1417 288 1653 329 conditionem,
1676 291 1716 323 ad
1736 303 1835 335 quam

364 355 482 386 paucos
506 353 578 376 ante
601 357 702 377 annos
731 345 835 377 adhuc
858 353 924 377 erat
946 346 1105 384 demersa,
1137 358 1234 386 cum,
1265 348 1365 388 magis
1395 349 1492 378 etiam
1521 357 1618 390 quam
1647 347 1840 393 Chirurgia,

361 402 498 443 abjecta,
519 409 549 433 et
577 402 714 434 obscuro
730 402 870 446 quodam
893 403 963 434 velo
984 414 1019 434 ac
1039 404 1264 446 mysteriorum
1290 403 1382 445 quasi
1406 403 1583 434 involucris
1608 411 1773 446 contecta,
1795 395 1837 438 ad

362 460 508 496 notitiam,
529 459 674 490 veniebat
695 469 925 502 perpaucorum
939 483 949 498 ‚
974 463 1029 503 qui
1048 462 1117 503 ejus
1137 460 1323 492 factitandae
1340 460 1413 502 jura
1431 466 1463 491 et
1478 467 1596 492 secreta
1614 461 1754 503 scilicet,
1783 463 1834 499 in-

362 516 497 547 honesto
526 516 622 547 modo
648 517 868 548 venditabant:
894 524 962 548 tum
988 517 1128 560 profecto
1147 525 1209 549 tam
1229 524 1354 560 turpem
1370 517 1504 560 pristina
1521 516 1573 548 illa
1589 524 1731 561 tempora
1747 519 1835 562 igno}

360 573 477 603 miniae
496 579 603 603 notam
627 573 819 615 suscipient,
839 584 935 616 quam
956 574 1051 617 longe
1070 574 1110 605 ab
1131 575 1188 605 hac
1211 581 1318 605 nostra
1337 580 1436 605 aetate
1451 573 1568 605 absunt
1585 585 1621 606 ea
1639 576 1775 608 crimina
1795 581 1828 608 et

362 629 497 667 scelera,
522 630 640 672 quibus
664 638 755 661 antea
778 641 1007 674 saepenumero
1036 631 1132 674 hujus
1156 632 1231 662 artis
1254 629 1435 661 exercitatio
1458 629 1519 661 fuit
1541 631 1726 674 conjuncta.

403 685 462 716 Sed
488 693 518 716 et
542 686 740 717 obstetriciae
764 687 822 717 arti
850 687 945 719 hodie
961 698 1039 719 suus
1060 695 1183 720 constat
1208 687 1331 719 honos:
1363 686 1485 729 ubique
1503 686 1567 719 fere
1586 688 1681 730 periti
1707 689 1833 728 invenie

360 748 459 772 untur
487 740 762 781 obstetricat-ores,
796 754 936 786 quorum
966 744 1113 783 solertia,
1147 751 1178 776 et
1205 754 1321 787 opera,
1345 750 1376 775 et
1401 754 1528 774 morum
1554 744 1738 787 integritas,
1757 748 1836 779 artis

358 808 432 828 snae
461 798 648 841 dignitatem
680 805 810 830 tuentur
839 806 934 843 atque
951 800 1183 832 *cohonestann
1233 799 1284 832 Ad
1311 799 1395 831 hanc
1418 806 1524 831 autem
1544 806 1701 833 mutatam
1720 812 1832 839 rerum

357 854 467 886 faciem
495 855 572 898 quid
599 862 745 886 nostrum
773 857 944 888 contulerit
969 856 1146 895 Clinicum,
1174 856 1264 888 facile
1289 854 1371 887 foret
1394 856 1638 896 demonstratu,
1663 857 1750 896 imo,
1774 869 1832 902 pe-

356 912 467 943 culiari
498 911 844 955 diligentia.explicari
875 920 1060 945 mereretur.
1121 912 1205 944 Illud
1232 924 1322 944 nunc
1347 914 1511 945 monuisse
1537 913 1692 954 sufficiat,
1723 917 1834 959 ipsum

359 970 439 1000 illud
466 970 685 1000 obstetricium
711 969 882 1008 clinicum,
907 981 1023 1001 novam
1047 980 1182 1012 eamque
1205 980 1353 1012 magnam
1376 971 1541 1001 continere
1566 971 1743 1010 rationem,
1771 981 1831 1005 cur

357 1026 434 1057 haec
463 1032 571 1057 nostra
597 1025 692 1064 urbs,
729 1036 804 1068 prae
827 1025 897 1056 aliis
920 1026 1091 1066 omnibus,
1123 1027 1240 1058 clinico
1263 1026 1436 1059 universali
1459 1033 1644 1069 opportuna
1670 1030 1712 1059 sit
1734 1034 1832 1071 atque

354 1082 603 1115 accommodata.
1801 1075 1806 1078 ⁶

397 1141 477 1171 Satis
505 1139 592 1181 jam,
636 1139 770 1181 opinor,
804 1140 843 1170 A.
872 1141 911 1171 A..
941 1139 1033 1172 vobis
1060 1151 1246 1183 persuasum
1269 1146 1334 1180 est,
1370 1150 1468 1184 quam
1491 1139 1672 1183 optandum
1693 1141 1756 1180 sit,
1786 1143 1827 1174 ut·

357 1197 390 1227 in
422 1195 482 1228 hac
516 1197 622 1227 omnis
651 1196 860 1228 humanitatis
890 1197 986 1236 sede,
1024 1198 1285 1235 Amstelodam0‚
1322 1197 1480 1229 condatur
1508 1197 1732 1229 nosocomium
1757 1197 1834 1238 uni·

356 1252 496 1291 versale3
526 1254 562 1284 in
592 1264 658 1295 quo
683 1252 722 1284 ad
747 1252 845 1284 lectos
871 1263 1060 1296 aegrorum,
1099 1255 1266 1286 universae
1291 1256 1368 1286 artis
1388 1254 1528 1286 medicae
1554 1265 1651 1287 usum
1673 1260 1706 1286 et
1728 1256 1832 1296 scien?

354 1313 431 1341 tiam
465 1310 526 1342 sibi
558 1321 745 1353 „comparare
780 1311 903 1353 possint
935 1310 1012 1343 tales
1046 1313 1196 1356 inprimis
1222 1311 1370 1351 alumni,
1405 1312 1464 1354 qui
1486 1312 1557 1344 ruri
1580 1311 1754 1355 aliquando
1774 1321 1829 1353 ar·

354 1374 417 1398 tem
441 1366 595 1397 medicam
618 1374 695 1399 sunt
717 1366 842 1399 facturi.
1717 1362 1720 1363 ⁷

397 1425 461 1454 Hac
491 1421 558 1453 sola
588 1424 712 1452 ratione
743 1422 838 1454 utiles
872 1423 1003 1454 formari
1032 1431 1166 1465 possunt
1198 1424 1314 1453 medici
1347 1424 1490 1459 ruralem
1522 1431 1563 1451 ex
1587 1426 1650 1459 iis,
1681 1432 1767 1464 quae
1791 1423 1829 1455 ἰιι

353 1478 409 1509 illo
434 1478 620 1509 nosocomio
644 1478 773 1510 videant
798 1479 964 1522 quotidie,
991 1478 1141 1516 audiant,
1176 1481 1381 1521 experiamur
1397 1501 1407 1516 ,
1439 1480 1540 1520 magis
1569 1477 1735 1521 magisque
1759 1477 1831 1511 illas

354 1538 554 1578 acquirerent
582 1536 802 1578 cognitiones,
833 1536 952 1579 quibus
979 1536 1127 1567 instructi
1153 1535 1186 1565 in
1213 1540 1395 1577 posterum,
1427 1535 1533 1578 posito
1557 1534 1725 1573 tirocinio,
1758 1545 1826 1567 non

354 1600 477 1623 tantum
505 1592 635 1623 feliciter
667 1599 798 1623 tractare
831 1599 961 1635 possent
991 1591 1072 1623 mala
1103 1592 1317 1635 simpliciora;
1347 1591 1401 1623 sed
1434 1598 1466 1623 et
1493 1592 1528 1624 in
1552 1591 1754 1635 gravioribus
1777 1601 1832 1633 ca-

353 1649 440 1680 sibus
476 1661 508 1681 se
537 1651 579 1680 ita
611 1661 738 1696 gerere,
770 1656 805 1680 ut
832 1651 859 1680 si
885 1650 993 1680 minus
1019 1648 1131 1686 utiles,
1170 1655 1201 1679 at
1228 1655 1312 1680 certe
1338 1658 1405 1680 non
1438 1649 1610 1691 perniciosi
1636 1647 1825 1680 evaderent.-

350 1712 382 1736 et
415 1707 458 1736 sic
493 1716 644 1748 quoque,
680 1712 716 1737 ut
744 1705 845 1736 aliena
871 1705 967 1737 verba
993 1716 1063 1736 mea
1088 1705 1222 1742 faciam,
1253 1707 1296 1736 sic
1321 1712 1428 1736 nostra
1456 1707 1553 1737 eliam
1574 1707 1687 1748 patria
1708 1707 1827 1747 perito-

350 1772 422 1792 rum
456 1760 671 1804 clet'surgorum
705 1760 824 1792 evadet
853 1764 980 1800 narrat,
1015 1762 1128 1805 quibus
1157 1772 1223 1792 non
1254 1771 1333 1804 opus
1361 1763 1420 1793 erit
1447 1768 1482 1793 ut
1499 1772 1592 1793 suam
1617 1763 1828 1803 cognitionem

351 1816 442 1860 apud
468 1825 593 1848 exteros
613 1825 745 1860 petant,
778 1825 835 1848 auc
859 1829 953 1860 super
977 1817 1148 1849 multorum
1176 1820 1293 1848 civium
1321 1817 1428 1849 salutis
1454 1821 1580 1849 ruinam
1603 1817 1823 1861 qualemcum-

352 1885 414 1915 que
441 1885 533 1905 suam
556 1876 718 1916 perimam
746 1881 916 1908 exstruant.
968 1876 1019 1905 Sic
1048 1875 1253 1917 inperfectum
1281 1881 1314 1904 et
1337 1872 1484 1916 dcfforme
1510 1874 1686 1917 chirurgiae
1711 1873 1826 1918 aedefi-

352 1940 434 1960 ‹chn
462 1928 613 1967 jandiu&
647 1937 798 1962 evertetur
814 1954 823 1970 ‚
863 1933 1012 1973 novisque
1042 1933 1152 1973 positis
1174 1929 1396 1968 laudamentis
1427 1942 1565 1969 novum,
1599 1930 1770 1974 peffectius
1795 1934 1830 1959 et

1728 1993 1831 2029 prae·
