1946 2517
287 107 613 140 ·c0MMENTAT10
634 118 678 140 Au
699 109 1001 149 QUAESTIONEM
1019 113 1360 151 PHlLOSOPHICAM.
1546 134 1581 163 51

40 211 45 219 .
72 201 179 229 corpus
206 198 335 222 movent.
385 192 478 229 Igitur
498 193 636 229 perfectio
658 193 839 223 accidentalis
865 196 978 226 eandem
1003 198 1140 227 rationem
1166 199 1396 231 determinantem
1428 210 1512 238 quam
1538 213 1583 233 es..

68 244 198 275 sentialis
227 243 331 272 habere
354 244 457 280 debet,
486 251 571 281 atque
596 245 685 282 igitur
710 245 838 274 actiones
864 247 991 284 liberae,
1019 249 1217 279 determinatae
1246 260 1296 287 per
1319 253 1429 282 easdem
1457 255 1581 285 rationes

69 297 189 332 finales,
218 303 267 332 per
289 304 359 331 quas
387 296 609 325 determinantur
636 296 810 332 naturales,
831 297 865 326 acl
882 298 1085 336 perfectionem
1106 301 1233 330 hominis
1255 302 1464 340 hominumque
1485 307 1578 336 status

64 350 202 385 renduntg,
225 347 259 376 ad
280 347 526 385 imperfectionem
545 356 613 376 vero
637 348 759 376 tendunt
779 348 905 377 actiones
930 358 1003 386 quae
1031 359 1081 387 per
1105 352 1230 382 diversas
1257 354 1382 384 rationes
1409 355 1509 385 finales
1531 358 1579 386 de-

63 401 255 431 terminantur
274 400 290 433 (
305 399 357 435 1).

102 450 236 487 Magnam
265 451 323 479 vim
345 451 376 479 in
401 451 548 480 hominum
568 450 686 488 judiciis
713 456 741 478 et
771 450 909 486 opinione
936 452 970 480 de
992 452 1110 481 virtutis
1141 459 1168 482 et
1197 453 1346 485 felicitatis
1370 459 1578 496 conjunctione

62 502 148 532 habet
166 501 326 531 Leibnirzii
349 502 454 539 dogma
480 503 513 530 de
542 502 688 530 harmonia
706 502 922 538 praestabilita‚
945 511 1032 539 quare
1051 505 1084 533 de
1108 505 1157 534 illa
1181 514 1269 542 pauca
1286 510 1423 545 quaedam
1445 511 1575 542 referam.

97 553 278 583 Universalis
301 555 420 582 omnino
447 560 492 582 est
518 562 552 583 ex
581 553 720 582 sententia
746 552 907 583 Leibnitzii
934 555 1079 583 harmonia
1105 564 1226 592 eorum,
1258 566 1330 594 quae
1361 561 1390 589 in
1417 561 1472 590 hoc
1494 571 1578 592 mun.

58 605 119 640 do,
140 606 202 635 sive
228 605 257 634 in
282 612 346 634 toto
367 606 502 633 universo
531 605 679 634 eveniunt.
731 604 835 634 Omnia
860 606 934 634 inter
959 615 990 634 se
1011 613 1076 642 apta
1105 614 1132 635 et
1160 609 1295 646 colligata
1322 619 1392 640 sunt
1419 620 1446 641 et
1474 621 1576 644 mutuo

57 657 96 686 ad
113 656 196 685 finem
223 657 356 685 ultimum
387 657 518 687 tendunt.
559 656 651 685 Nulla
677 656 724 685 hic
750 657 876 686 addenda
904 663 947 685 est
971 657 1105 686 limitatio
1126 659 1204 696 (α).

96 707 245 744 Sapientia
272 707 384 738 infinita
421 707 631 744 omnipotentis
659 708 781 737 bonitati
805 710 868 746 ejus
892 710 1046 738 immensae
1069 711 1171 748 iuncta
1198 711 1267 741 fecit
1293 720 1325 742 ut
1349 715 1422 744 nihil
1450 719 1576 753 potuerit

54 760 162 790 melius
185 760 267 795 fieri,
291 759 428 789 omnibus
450 759 651 794 computatiS,
675 767 759 795 quam
788 761 867 796 quod
888 769 903 790 a
927 761 992 790 Deo
1014 768 1057 790 est
1082 760 1214 799 factum3
1235 771 1321 800 atque
1343 767 1432 802 adeo,
1455 775 1486 796 ut
1513 778 1575 798 om.

53 811 105 840 uia
131 812 190 840 sint
219 810 344 847 perfecte
371 810 556 846 harmonica,
578 810 1023 848 conspirentqueapulcherrime
1046 813 1120 841 inter
1146 822 1198 850 se,
1225 823 1271 844 res
1298 824 1453 853 corporeae
1476 825 1503 847 et
1532 820 1576 849 in-

53 870 235 899 corporeae,
255 870 358 891 causae
382 861 540 890 efficientes·
560 868 586 889 et
616 862 757 899 morales,
779 870 896 899 regnum
924 864 978 892 Dei
1005 864 1159 900 physicum
1182 871 1210 893 et
1228 868 1334 895 morale
1349 887 1360 902 ,
1382 876 1500 905 regnum
1520 878 1570 899 na.

48 920 136 942 wrae
159 919 187 942 et
215 913 338 950 gratiae,
360 912 399 941 ita
429 912 544 948 quidem
569 919 602 939 ut
625 912 652 940 si
678 913 748 948 quid
770 913 799 942 in
820 915 928 944 mundo
949 915 1080 944 videatur
1104 915 1387 955 reprehendendum,
1406 919 1436 948 id
1458 927 1572 951 nostrae

48 964 231 1002 ignorantiae
249 964 448 1000 imputandum
475 963 514 993 sit
536 964 614 1001 (3).
1546 960 1547 963 ’

89 1015 183 1045 Pauca
206 1016 300 1045 adhuc
327 1023 360 1044 ex
383 1014 553 1044 Leibnitzio
578 1015 715 1045 addamus
740 1016 775 1045 ad
796 1017 932 1046 virtutem
955 1017 1137 1053 pertinentia.

90 1066 285 1103 Praecipitnus
307 1067 376 1103 (sic
399 1067 438 1095 ait
460 1067 490 1096 in
511 1067 750 1097 annotationibus
769 1068 799 1097 in
818 1069 916 1105 Kingii
940 1068 1044 1096 librum
1065 1068 1099 1097 de
1116 1067 1237 1104 Origine
1260 1069 1328 1099 mali
1349 1072 1378 1107 §.
1401 1072 1468 1109 ¹7·)
1490 1081 1568 1109 prae-

51 1118 200 1156 cipimus,
229 1119 365 1147 virtutem
392 1118 565 1153 sequendam
589 1126 672 1154 esse,
701 1125 812 1156 gratum
845 1119 970 1149 animum
998 1119 1219 1155 praestandum,
1248 1120 1390 1156 justitiam
1420 1123 1567 1158 colendam

44 1178 141 1206 csse,
160 1177 221 1199 non
251 1175 360 1197 tantum
389 1169 428 1197 ob
448 1169 632 1198 commodum
657 1170 822 1206 privatum,
845 1171 882 1200 ob
907 1179 986 1207 spem
1009 1170 1055 1200 vel
1082 1176 1188 1198 metum
1213 1170 1262 1199 sed
1283 1172 1365 1200 etiam
1396 1174 1434 1202 ob
1466 1176 1569 1212 volup-

46 1227 136 1251 tatem
163 1221 192 1250 in
225 1220 311 1249 bonis
338 1220 504 1249 actionibus
535 1220 745 1258 reperiendam3
781 1223 851 1251 alias
873 1223 1002 1251 nondum
1031 1221 1242 1257 adspiravimus
1277 1223 1312 1251 ad
1336 1223 1424 1253 istum
1450 1225 1566 1256 virturis

21 1272 169 1310 -·gradum
183 1293 193 1309 ,
216 1280 324 1307 quem,
344 1278 378 1299 ut
402 1279 609 1308 assequamur,
631 1274 717 1302 remis
744 1274 877 1309 velisque
903 1273 1089 1302 laborandum
1115 1279 1171 1302 est.
1212 1274 1278 1303 Hoc
1301 1274 1451 1312 innuitur,
1474 1285 1566 1312 quan.

44 1324 88 1353 xlo
107 1323 221 1361 justitia
243 1329 272 1351 et
297 1322 390 1351 virtus
415 1331 465 1359 per
491 1332 522 1353 se
545 1324 609 1360 ipsa
631 1332 727 1353 amore
750 1326 952 1366 prosequenda
977 1323 1133 1353 docetur.”

44 1390 47 1393 s
86 1373 143 1403 His
162 1373 372 1409 consentiunt,
393 1381 424 1402 ea
448 1382 521 1410 quae
542 1373 729 1404 Leibnitzius
755 1376 860 1405 scribit
887 1376 965 1413 apud
991 1375 1203 1412 Kortholtum,
1225 1384 1356 1413 quaeque
1382 1378 1479 1407 eodem
1499 1380 1565 1410 loco

44 1423 216 1456 afferuntur.

88 1495 108 1513 „
127 1475 255 1505 Tantum
275 1476 377 1511 abest,
404 1481 436 1504 ut
460 1475 510 1511 qui
532 1483 592 1504 non
618 1483 670 1512 spe
693 1482 743 1506 aut
767 1483 845 1506 metu
873 1477 1054 1514 superioris,
1079 1477 1128 1506 sed
1147 1477 1339 1514 propensione
1359 1478 1466 1515 animi,
1488 1486 1562 1510 recte

45 1528 126 1566 agit,
142 1529 223 1566 juste
243 1536 302 1557 non
327 1534 413 1564 agat,
434 1533 467 1556 ut
491 1527 554 1563 ipse
582 1528 768 1563 potissimum
783 1530 870 1566 juste
895 1535 980 1565 agat,
1011 1528 1133 1557 humana
1159 1530 1278 1564 quadam
1301 1529 1412 1559 divinae
1435 1531 1564 1568 iustitiae

48 1580 220 1612 imitatione.
270 1579 344 1609 Nam
368 1579 419 1616 qui
445 1586 540 1608 amore
564 1579 618 1608 Dei
640 1587 689 1609 aut
714 1581 839 1616 proximi
865 1581 936 1610 bene
959 1579 1049 1615 facit,
1079 1579 1108 1608 in
1135 1580 1202 1616 ipso
1232 1586 1311 1611 recto
1338 1580 1415 1610 facto
1448 1582 1560 1611 invenit

1513 1641 1566 1662 vo—

77 1712 140 1748 (ι)
159 1712 238 1740 Conf.
265 1712 292 1745 §-
318 1712 376 1739 106.
401 1711 467 1745 apud
487 1712 575 1739 anac
601 1720 625 1740 ct
642 1714 698 1747 ipse
729 1714 812 1742 Wolf.
835 1714 901 1741 Phil.
929 1713 1014 1739 Pract.
1040 1713 1119 1740 Univ.
1147 1719 1209 1745 part.
1225 1714 1248 1740 1.
1273 1714 1297 1747 §.
1314 1720 1362 1746 49,
1380 1721 1411 1748 55
1424 1734 1432 1747 ,
1451 1722 1516 1747 3313
1535 1723 1560 1741 et

40 1759 151 1791 Luzac,
169 1760 271 1790 Betoog
286 1766 348 1784 over
359 1758 390 1785 de
404 1759 573 1792 Zedekunde‚
602 1761 627 1794 §.
641 1761 676 1792 6,
694 1768 711 1794 7
728 1767 752 1787 et
768 1762 792 1788 8.
813 1761 839 1786 in
860 1760 1077 1786 dissertationibus
1099 1760 1242 1786 Moralibus
1269 1759 1419 1793 Stolpianis,
1445 1769 1467 1788 a.
1486 1762 1559 1795 1776.

39 1804 74 1834 Τ.
92 1807 114 1833 1.
158 1824 165 1832 .
205 1809 228 1832 1.

72 1813 279 1885 (2)pl(grtholt
306 1850 407 1884 Disput.
430 1852 462 1878 de
481 1852 642 1885 philosophia
664 1853 806 1879 Leibnitzii
827 1853 982 1880 Christianae
997 1853 1130 1886 Religioni
1149 1852 1214 1878 haud
1235 1852 1388 1886 pemiciosa,
1430 1853 1557 1879 Invenitur

37 1904 95 1924 unte
115 1898 261 1924 Editionem
279 1897 390 1923 Latinam
409 1898 509 1925 Theod.
535 1905 592 1931 pag.
612 1899 697 1925 XXII.

71 1943 139 1977 (3)
158 1944 318 1970 Leibnitzius
333 1944 359 1969 in
377 1944 460 1970 Causa
473 1945 539 1975 Dei,
568 1945 593 1977 §.
606 1944 639 1978 46
659 1951 683 1970 et
699 1951 742 1978 47.

823 1989 853 2019 G
875 1999 891 2020 2
