1946 2517
283 185 318 214 34
638 166 752 206 JANI
789 159 1053 193 RUDOLPHI
1093 168 1166 189 νΑΝ
1207 156 1428 187 ΜΑΑΝΕΝ

284 256 458 295 probarent3
492 254 520 281 in
549 251 698 282 nonnullis
727 247 821 283 capita
850 244 1113 277 abscindebantur,
1135 242 1282 278 simulque
1303 243 1423 272 effluxus
1448 242 1598 279 sanguinis
1625 251 1660 273 ex
1687 250 1793 275 trunco

286 307 513 345 impediebatur3
537 310 666 338 tuncque
685 301 710 329 si
738 307 828 335 prope
853 297 956 327 animal
983 304 1096 325 mensae
1120 295 1309 331 incumbens,
1330 296 1417 325 fortis
1445 305 1535 325 sonus
1562 302 1742 331 moveretur,
1763 297 1793 326 in

286 361 338 388 illo
358 356 593 393 horripilationes
624 350 874 384 observabatum-3
895 347 1052 376 secundum
1078 347 1268 382 Krisnerum,
1290 348 1425 383 quoniam
1450 347 1552 376 animal
1578 347 1671 377 adhuc
1697 348 1795 377 audie-

284 412 353 445 bat,
375 409 460 437 nobis
482 414 572 434 tamen
591 402 705 433 difficile
724 401 867 437 explicatu
883 398 1018 432 videtur,
1040 405 1100 432 quo
1120 398 1206 426 modo
1226 398 1459 433 horripilationes
1486 399 1537 426 hae
1563 407 1578 426 a
1600 407 1668 427 vero
1693 399 1794 428 auditu

284 460 403 490 derivari
423 459 551 492 valeant3
574 462 669 484 nonne
690 453 790 489 potius
808 458 850 479 est
867 455 1032 480 commotus
1054 448 1118 483 aer,
1149 448 1199 484 qui
1218 449 1248 477 in
1273 448 1429 485 superstite
1450 449 1542 478 adhue
1574 451 1729 479 musculari
1754 452 1795 480 ir.

283 510 446 540 ritabilitate
466 508 510 535 hic
536 507 621 543 agit?
654 505 710 533 Sed
736 511 877 539 praeterea
900 501 978 530 aliud
1001 497 1080 535 quidv
1100 498 1193 527 adhuc
1217 499 1302 528 uobis
1329 499 1551 528 animadvertere
1577 500 1670 530 liceat.
1711 501 1795 531 Con-

288 569 360 590 stare
382 567 416 587 ex
435 556 688 587 observationibus
708 555 822 584 videtur
841 559 1014 581 consensum
1035 550 1183 585 quemdam
1202 550 1301 578 adesse
1320 550 1394 579 inter
1414 551 1501 587 hepar
1516 557 1543 580 et
1560 552 1701 581 auditum.
1737 553 1798 582 Ex·

287 614 413 649 plicatur
439 611 493 638 hoc
521 609 563 637 uti
591 608 715 636 diximus
742 614 757 634 a
777 612 929 646 nervorum
948 604 1089 638 decursu,
1111 610 1177 631 curn
1203 610 1309 631 nervus
1337 610 1427 639 vagus
1454 612 1545 640 prope
1570 612 1688 634 nervum
1716 605 1797 634 audi.

287 664 392 693 torium
413 661 541 695 oriatur,
567 667 594 688 et
616 660 671 688 hoc
689 659 718 686 in
738 658 804 686 loco
822 647 908 685 fibrae
927 656 1080 691 utriusque
1094 655 1151 691 jam
1176 661 1274 683 secum
1297 653 1418 682 invicem
1439 655 1579 692 conjungi
1599 656 1748 685 videntur:
1770 663 1798 686 et

286 723 350 744 cum
371 721 475 742 nervus
496 719 586 748 vagus
604 718 699 740 ramos
717 709 825 737 tribuat
850 707 966 744 hepati,
991 713 1163 735 memoratus
1188 713 1349 734 consensus
1374 711 1450 734 certe
1476 706 1525 734 tali
1553 708 1640 735 modo
1663 708 1798 743 explicari

287 771 397 803 potest.
439 764 495 792 Sed
517 771 607 799 vagus
635 769 693 790 non
713 766 822 789 tantum
847 759 964 796 hepati,
986 766 1085 787 verum
1116 757 1199 786 etiam
1226 756 1361 792 pluribus
1390 757 1455 785 aliis
1479 758 1594 793 organis
1617 766 1711 788 ramos
1729 759 1796 788 dat:

287 815 430 852 consequi
448 814 514 843 hinc
538 814 671 848 videtur,
693 812 771 848 quod
789 811 818 840 in
835 811 900 839 aliis
919 810 1037 847 organis
1049 830 1059 845 ‚
1079 808 1166 838 ramis
1182 809 1261 837 nervi
1277 808 1343 844 vagi
1363 808 1497 844 praeditis
1510 829 1520 844 ‚
1541 809 1639 836 iisdem
1657 809 1712 837 sub
1728 817 1799 837 con·

288 867 450 896 ditionibus
464 886 474 901 ,
496 865 591 893 eadem
613 865 805 900 phaenomena
830 862 980 891 observare
999 861 1162 891 debeamus.
1204 860 1235 888 ln
1254 858 1479 896 pancreatitide,
1500 859 1529 888 in
1545 859 1705 889 Enteritide
1720 860 1799 889 aliis-

289 927 343 955 que
359 918 432 946 nihil
452 924 545 945 tamen
565 923 652 951 super
669 905 747 944 hunc
767 921 942 943 consensum
960 919 1128 942 annotatum
1150 913 1255 941 video:
1391 916 1393 919 '

322 964 358 999 ‘In
380 969 487 997 morbis
512 967 720 996 catarrhalibus
740 966 876 1001 biliosis,
897 973 982 1003 saepe
1008 965 1178 994 observatur
1202 962 1320 992 auditus
1346 962 1481 999 affectio,
1509 963 1653 1000 surditas,
1676 971 1748 999 quae
1771 963 1799 992 si

286 1021 477 1054 observatur,
498 1026 609 1054 semper
625 1018 696 1046 bene
714 1017 870 1047 ominatur.
1575 1016 1577 1018 '

330 1072 407 1099 Haec
425 1071 522 1098 omnia
539 1070 610 1098 satis
629 1076 773 1104 superque
796 1068 950 1102 evincunt,
973 1066 1046 1094 inter
1074 1064 1162 1102 hepar
1185 1071 1213 1094 et
1233 1065 1349 1093 auditus
1376 1072 1481 1101 organa
1509 1071 1682 1094 consensum
1704 1073 1800 1094 revera

286 1124 404 1152 adesse:
432 1130 467 1150 an
491 1129 560 1149 vero
581 1128 735 1150 nervorum
762 1119 918 1155 decursui‚
947 1125 983 1147 an
1009 1117 1080 1146 aliae
1106 1125 1210 1147 causae
1233 1118 1283 1146 ilie
1308 1117 1479 1147 tribuendus
1502 1117 1561 1153 sit,
1591 1117 1647 1147 hoe
1671 1118 1802 1148 nondum

288 1177 515 1204 demonstratum
535 1181 609 1202 esse.

330 1226 404 1254 Sunt
429 1231 522 1253 autem
547 1231 574 1253 et
596 1223 644 1252 alii
671 1224 783 1260 hepatis
817 1230 881 1251 cum
910 1221 974 1251 aliis
1004 1219 1136 1256 partibus
1164 1227 1340 1249 consensus.
1385 1219 1434 1249 Sic
1461 1218 1627 1249 Wiedeman
1650 1221 1801 1252 observata

291 1283 451 1312 memorat,
473 1277 523 1304 ubi
544 1276 783 1305 inflammationes
801 1275 1014 1311 hepatis-lapsu
1030 1272 1159 1309 *pilorum
1180 1271 1346 1307 genitalium
1365 1272 1576 1301 concomitatae
1591 1279 1682 1303 erant.

333 1329 362 1364 ἕ.
384 1335 428 1356 11.
470 1329 587 1356 Veteres
606 1327 708 1355 medici
725 1334 753 1355 et
771 1326 942 1362 philosophi
967 1324 1059 1361 graeci
1074 1344 1084 1359 ,
1105 1332 1170 1352 cum
1193 1323 1288 1359 hepati
1306 1329 1367 1351 tum
1394 1324 1444 1352 bili
1466 1322 1594 1361 magnam
1619 1325 1676 1353 vim
1696 1325 1724 1354 in
1742 1325 1803 1354 ani-

293 1387 370 1408 mum
393 1377 574 1413 tribuerunt,
599 1377 677 1412 quod
701 1377 783 1405 etiam
810 1368 1006 1406 denominatio
1032 1377 1114 1405 illius
1143 1376 1356 1412 temperamenti
1382 1376 1462 1411 quod
1487 1384 1502 1403 a
1531 1376 1589 1404 bile
1611 1384 1670 1405 atra
1693 1377 1801 1407 deriva-

290 1431 381 1465 bant,
402 1427 589 1457 melancholia
608 1436 730 1463 nempe,
751 1428 872 1464 insuper
886 1428 1005 1463 probare
1022 1428 1149 1456 videtur.

329 1481 473 1509 Praeterea
491 1479 521 1507 in
539 1479 704 1508 vehemente
731 1480 772 1508 ira
797 1486 824 1507 et
849 1478 1048 1516 indignatione
1073 1478 1170 1507 statim
1198 1476 1309 1512 hepatis
1337 1474 1504 1504 functiones
1529 1475 1702 1513 turbantur,
1722 1477 1806 1507 color

295 1531 327 1560 sit
345 1531 470 1568 pallidus
488 1537 536 1558 aut
553 1530 664 1566 flavus,
686 1531 779 1559 oritur
803 1530 1016 1567 inappetentia,
1039 1539 1143 1561 nausea
1159 1531 1204 1559 vel
1231 1530 1290 1559 oris
1315 1528 1476 1564 amarities,
1498 1529 1543 1557 vel
1570 1529 1697 1558 vomitus
1721 1529 1806 1558 bilio-

293 1591 344 1612 sus
363 1583 405 1612 vel
426 1581 543 1611 biliosae
564 1582 760 1618 dejectiones,
782 1589 835 1611 cet.
861 1583 940 1620 (a).

333 1634 512 1662 Cadaverum
532 1633 721 1661 dissectiones
737 1633 839 1661 docere
857 1635 1009 1669 videntur,
1031 1633 1110 1670 quod
1128 1632 1214 1661 animi
1233 1630 1398 1660 affectiones
1419 1629 1514 1659 tristes
1534 1637 1561 1659 et
1578 1625 1640 1659 ‘diu
1668 1631 1800 1661 durantes

296 1693 355 1713 non
383 1684 532 1719 dynamica
563 1691 694 1720 tantum,
725 1692 822 1713 verum
853 1685 936 1715 etiam
961 1687 1095 1723 organica
1125 1684 1196 1713 mala
1225 1684 1254 1712 in
1278 1684 1365 1720 hepar
1392 1683 1555 1717 inducunt,
1589 1690 1661 1718 quae
1693 1684 1805 1712 tandem

295 1735 397 1764 mortis
414 1743 514 1762 causae
533 1734 617 1763 liunt.

336 1786 369 1813 ln
389 1786 573 1814 cadaveribus
594 1786 729 1822 illorum,
753 1786 800 1822 qui
829 1795 880 1823 per
905 1788 1024 1825 longum
1050 1794 1162 1823 tempus
1181 1794 1326 1821 moerore,
1351 1792 1429 1814 metu
1452 1786 1497 1813 vel
1524 1785 1720 1814 sollicitudIne
1742 1793 1806 1814 cor-

298 1837 370 1873 repti
389 1837 526 1873 fuerunt,
548 1838 634 1874 hepar
654 1839 700 1867 vel
717 1839 880 1868 induratum
904 1841 946 1868 vel
963 1840 1134 1870 diminutum
1159 1839 1204 1868 vel
1228 1838 1409 1874 ulceratum,
1431 1837 1474 1866 vel
1500 1837 1708 1875 tuberculatum
1729 1837 1810 1866 inve-

1764 1895 1814 1917 ne·

326 1968 378 1992 (n
400 1969 437 1991 Cf.
462 1969 576 1995 (laabim,
600 1968 666 1991 Putln.
691 1967 709 1995 S.
725 1972 776 1995 ⁵4²·
807 1969 845 1992 Cf.
862 1970 977 2000 Biancln',
999 1971 1062 1995 Ilm,
1083 1971 1140 2000 114·
1168 1972 1196 1996 T,
1213 1975 1233 1994 1.
1260 1977 1284 1999 Ρ,
1299 1975 1353 1995 220.
1387 1967 1424 1994 cf·
1447 1966 1561 1996 vamaen,
1580 1967 1638 1991 RN·
1657 1965 1720 1991 nd·
1745 1967 1771 1990 2--
1786 1971 1809 1998 ²,-

303 2015 326 2036 Ρ·
341 2015 392 2035 ¹57·
