1946 2517
417 129 733 161 COMMENTATIO
754 139 789 160 m
823 130 1126 169 QUAESTIONEM
1153 132 1358 165 MEDICAM.
1548 117 1553 120 Ι
1612 139 1646 168 :²5

133 220 237 245 nerunt
263 215 413 251 perplures
444 221 576 242 auctores
597 215 682 251 (a).
722 214 798 242 Mira
821 213 945 242 facultas
966 215 1105 244 moeroris
1122 222 1186 252 est,
1206 215 1374 246 functiones
1403 217 1577 252 ventriculi,
1599 216 1642 244 in-

134 266 303 296 testinorum
321 275 353 295 ac
374 267 484 303 hepatis
507 266 721 300 conturbandi,
743 265 837 300 inquit
857 266 933 295 Stoll
951 267 1030 304 (b).

171 317 202 353 §.
227 325 271 346 12.
310 317 362 346 Illa
383 318 472 355 igitur
493 318 627 347 affirmare
653 317 787 346 videntur
815 316 954 344 actionem
982 317 1088 346 cerebri
1120 318 1150 347 in
1177 319 1283 357 hepar3
1314 328 1411 349 verum
1441 328 1492 349 nec
1519 320 1643 356 exempla

132 369 259 405 desunt,
281 370 332 398 ubi
351 370 419 399 vitia
438 370 568 406 hepatis,
590 368 753 406 praesertim
774 373 842 403 post
861 367 979 397 icterum
1003 376 1031 397 et
1047 370 1157 399 multos
1181 372 1296 407 hepatis
1321 373 1439 401 morbos
1464 372 1640 405 chronicos,

131 420 283 450 efficaciam
300 429 380 450 suam
406 422 435 450 in
454 422 568 450 cerebro
588 420 793 454 ostenderunt,
815 419 1033 456 imaginationes
1054 422 1342 461 hypochondriacas,
1371 423 1556 459 morbificas‚
1577 431 1640 451 sen-

132 481 183 502 sus
208 475 372 502 communis
392 479 419 502 et
439 473 631 509 cupiditatum
658 473 832 500 mutationes
860 473 1047 508 procreando.

166 524 366 553 Dissectiones
390 532 477 560 porro
496 533 511 552 a
534 524 637 553 Boneto
650 543 661 559 ‚
683 523 867 561 Gredingio,
890 524 1033 561 Hallero,
1054 527 1179 562 aliisque
1203 528 1355 557 institutae
1374 528 1498 563 docent,
1530 525 1640 563 hepatis

126 575 198 604 vitia
224 584 307 612 saepe
333 583 397 604 cum
423 576 573 611 depravata
597 575 676 610 vita,
704 575 847 611 animique
875 578 1142 611 perturbationibus
1169 587 1230 608 esse
1253 588 1315 617 cona
1325 585 1429 615 uncta,
1457 580 1495 607 ita
1525 585 1555 606 ut
1577 585 1641 606 cum

128 626 280 655 lValllzero
302 627 394 655 dicere
418 626 520 661 liceat,
553 646 571 661 „
590 634 624 654 ex
645 626 733 662 huius
759 625 975 662 conjunctionis
999 627 1177 666 frequentia,
1207 638 1267 658 non
1291 638 1448 666 possumus
1476 628 1548 665 quIn
1574 629 1644 659 alte-

130 695 148 711 „
168 685 230 704 rum
249 683 357 705 statum
379 679 414 707 ab
432 678 519 706 altero
537 678 617 714 gigni
635 679 678 706 vel
697 677 833 706 sustineri
854 679 1038 715 suspicemur
1049 679 1070 692 ''
1091 681 1169 718 (c).

163 728 213 757 Ex
231 728 381 756 nonnullis
399 729 654 758 observationibus
676 734 774 764 patere
791 730 874 757 etiam
893 729 1026 766 videtur,
1049 732 1127 766 quod
1151 733 1287 768 quaedam
1306 731 1497 769 praesagiendi
1519 731 1563 759 vis
1588 730 1637 758 lie·

130 778 208 814 patis
229 780 347 808 morbos
375 781 530 815 aliquando
552 781 787 816 concomitetur‚
817 782 859 810 sic
885 787 917 811 ut
935 788 1113 819 aegrotantes
1136 785 1226 822 tales,
1252 793 1314 815 non
1340 793 1402 814 raro
1424 783 1584 819 tranquillo
1610 789 1638 811 et

127 829 211 859 firmo
230 829 326 859 animo
347 839 378 860 se
395 831 553 861 morituros
569 833 760 868 pronuntient
781 832 860 870 (d).

429 1072 767 1110 'CAPUT
842 1072 1313 1108 TERTIUM.

671 1193 857 1216 HEPATIS
897 1190 1098 1214 FUNCTIO.

157 1313 185 1350 ς.
205 1319 250 1349 13·
280 1280 422 1342 Omnes
444 1312 501 1341 fere
517 1313 685 1350 physiologi
701 1313 776 1343 vires
797 1312 1003 1348 intenderunt,
1023 1312 1058 1342 ad
1075 1310 1189 1348 hepatis
1210 1310 1393 1341 functionem
1416 1311 1631 1348 explicandam,

117 1372 201 1400 quem
217 1365 245 1392 in
265 1363 347 1400 finem
364 1365 522 1399 permultae
541 1365 641 1394 allatae
657 1371 726 1394 sunt
743 1365 898 1401 opiniones
909 1385 920 1400 ,
941 1363 1016 1392 inter
1031 1371 1063 1392 se
1079 1363 1147 1399 plus
1166 1362 1300 1392 minusve
1319 1363 1460 1392 diversae.

154 1416 188 1443 C.
207 1415 417 1450 Barthollnus‚
449 1416 673 1444 Savammerdam
700 1416 805 1451 aliique
830 1416 1031 1449 crediderunt,
1061 1414 1228 1450 sanguinem
1252 1414 1283 1442 in
1304 1413 1404 1449 hepate
1427 1413 1582 1449 elaborari,
1605 1421 1633 1442 et

117 1465 153 1494 ad
171 1465 298 1493 diversas
320 1466 453 1500 corporis
477 1465 606 1494 animalis
629 1473 723 1502 partes
748 1474 796 1502 per
822 1474 920 1494 venam
940 1471 1110 1500 portarum,
1130 1464 1300 1494 nutritionis
1321 1472 1414 1501 scopo
1435 1464 1526 1500 mitti,
1559 1465 1627 1494 dum

115 1522 308 1551 statuerunt,
330 1516 445 1545 arterias
464 1517 629 1553 sanguinem
652 1525 765 1546 tenuem
784 1517 974 1553 spirituosum
996 1517 1096 1546 vehere
1115 1516 1195 1554 (o).

156 1567 215 1595 Alii
231 1567 313 1594 etiam
341 1566 458 1596 fuerunt
485 1569 606 1604 medici,
628 1569 678 1604 qui
704 1575 797 1597 totum
820 1568 932 1604 hepatis
957 1568 1080 1597 officium
1104 1568 1136 1596 in
1165 1576 1199 1597 eo
1227 1567 1385 1596 consistere
1408 1567 1628 1603 perhibuerint,

114 1619 195 1653 quod
225 1625 319 1653 partes
353 1620 472 1648 nocivas
502 1629 517 1648 e
550 1628 675 1656 corpore
702 1619 879 1656 eliminaret,
908 1620 1046 1656 quodque
1075 1620 1177 1651 viscus
1202 1619 1273 1648 adeo
1302 1619 1377 1648 foret
1403 1627 1477 1648 mere
1503 1625 1632 1648 excreto-

112 1670 184 1697 rium
209 1669 224 1706 <
228 1669 253 1704 f
255 1671 280 1705 J.

152 1720 186 1749 T.
203 1719 393 1750 Bartholinus
410 1729 478 1751 vero
489 1742 500 1758 ,
521 1730 573 1751 nec
591 1730 650 1752 non
665 1723 792 1752 Blanchi
808 1730 965 1760 omnesque
986 1722 1053 1759 alii,
1075 1721 1156 1759 chyli
1174 1721 1275 1752 itinere
1291 1727 1320 1750 et
1331 1721 1491 1760 *sanguinis
1507 1721 1631 1750 circuitu

1561 1780 1631 1808 cog-

136 1850 192 1878 (a)
211 1850 328 1879 Wakher,
344 1851 367 1871 de
385 1852 489 1877 Ptycln'ca
506 1852 598 1873 Virtute
615 1853 673 1880 Περ.
697 1859 722 1881 p.
736 1854 759 1875 8.
995 1853 1048 1882 (h)
1069 1853 1141 1881 Stoll,
1158 1854 1215 1877 Rae.
1231 1853 1294 1876 Med,
1310 1855 1334 1876 1².
1349 1859 1369 1881 3.
1391 1861 1415 1883 p.
1429 1855 1479 1881 358.

136 1893 186 1921 (c)
212 1892 248 1915 cf,
266 1893 334 1917 Lorry
345 1909 352 1919 ‚
367 1892 391 1912 de
408 1894 521 1916 illalum-h.
539 1902 562 1922 p.
574 1894 611 1921 84.
861 1894 915 1923 (d)
931 1896 970 1919 Cf.
984 1897 1100 1924 ertlter,
1117 1896 1180 1918 D1'ss.
1196 1895 1242 1918 cit.
1262 1901 1285 1922 p.
1303 1901 1338 1924 19.

137 1931 187 1961 (ε)
203 1934 239 1956 Cf,
254 1933 278 1955 ζ’,
295 1934 439 1954 Barth-alima<
458 1936 512 1958 luit.
530 1937 603 1959 Anat.
627 1944 648 1965 p.
664 1942 714 1965 334.
741 1936 781 1958 Cs.
798 1936 963 1958 sat-annueram
978 1937 1040 1960 Bihl.
1055 1937 1113 1961 Nae,
1134 1938 1163 1960 T.
1178 1943 1199 1960 2.
1222 1943 1245 1965 p.
1258 1937 1310 1965 675.

136 1973 190 2004 (f)
204 1975 241 1998 Cs.
255 1974 284 1997 Le
303 1975 367 1997 Clcrc
382 1981 404 1998 et
417 1976 536 2003 Mangum
555 1978 615 2002 nihl,
630 1978 702 2002 Anae.
724 1979 753 2002 T.
767 1984 788 2001 Β.
810 1985 833 2006 1²-
846 1984 897 2007 997·
918 1981 948 2002 c-
963 1980 990 2002 X.
1007 1985 1074 2007 prop.
1088 1984 1138 2006 14⁸.

913 2020 939 2050 E
960 2028 978 2048 2
