1946 2517
305 167 340 200 16
581 166 622 196 G.
698 161 1528 199 H.COSTJORDENS

305 248 472 284 superficies
498 249 658 278 solidorum
685 248 814 283 invenit,
843 246 1026 283 regulamque
1059 244 1110 272 hac
1140 243 1174 272 de
1203 252 1231 272 re
1257 244 1393 280 tradidit,
1425 245 1568 280 vulgatam
1605 241 1660 272 sub
1691 245 1806 274 nomine

305 298 437 336 chulac
464 300 597 329 Guldim'.
637 300 808 328 Methodum
834 305 913 326 suam
949 294 1086 332 exposuit
1110 294 1140 323 in
1171 295 1280 331 scripto
1314 294 1564 331 Centro-Baryca
1580 295 1654 331 1635
1671 309 1707 318 —
1726 297 1808 334 1642.

307 350 339 378 In
367 351 481 379 duobus
507 352 653 387 prioribus
680 352 761 380 libris
797 348 982 379 determinare
1011 345 1106 375 studet
1139 351 1265 373 centrum
1297 345 1443 382 gravitatis
1473 346 1503 374 in
1529 346 1652 375 arcubus
1688 346 1811 382 circuli,

310 402 474 430 sectoribus
498 409 525 431 et
551 402 706 438 segmentis
730 407 784 429 tam
817 400 1005 429 circularibus
1030 407 1115 436 quam
1142 399 1300 435 Eilipticis.
1341 398 1529 435 Praecipuum
1560 405 1652 428 tamen
1679 400 1759 435 quod
1781 399 1811 427 in

306 451 425 487 scriptis
450 452 513 480 suis
538 453 687 488 prodidit,
711 452 835 488 pertinet
855 451 890 480 ad
906 450 1091 480 inveniendas
1111 449 1220 485 figuras
1248 458 1281 478 ex
1301 449 1444 478 rotatione
1470 456 1560 478 ortas.
1602 449 1742 486 Regulam
1765 457 1812 478 se-

307 508 440 537 quentem
471 502 522 531 hac
550 503 584 531 de
613 502 804 538 revtradidit3
826 511 1012 540 quaecunque
1033 501 1155 539 figura,
1176 507 1242 530 orta
1270 510 1306 532 ex
1330 501 1505 530 revolutione
1530 502 1623 530 lineae
1644 500 1691 530 vel
1713 507 1813 538 super·

298 551 380 588 ficiet*
406 552 488 581 circa
519 556 593 582 axin
630 553 821 589 immobilem,
850 554 980 591 aequalis
1010 559 1053 581 est
1077 551 1217 590 producto
1241 561 1277 581 ex
1296 554 1463 590 quantitate
1484 553 1669 589 generatrices
1693 557 1720 579 et
1735 553 1807 586 via,

307 612 393 641 quam
410 607 569 641 percurrit
589 611 720 633 centrum
738 606 912 642 gravitatis.
962 603 1102 640 Regulam
1126 603 1198 631 hanc
1222 610 1281 632 non
1307 604 1426 638 stricte,
1456 604 1505 631 sed
1528 609 1636 631 tantum
1656 610 1704 638 per
1725 601 1812 630 indu·

304 653 429 683 ctionem
456 655 609 691 probavit;
640 656 740 684 stricte
762 654 946 684 Geometrice
970 655 1048 684 illam
1074 656 1190 692 quidem
1216 655 1339 692 probare
1366 656 1509 691 tentavit,
1536 662 1634 684 exacte
1657 663 1725 684 vero
1747 662 1808 683 non

302 706 444 742 perfecitg,
476 707 733 736 demonstrationes
765 707 853 749 huJ'us
881 707 995 743 regulae
1019 706 1089 736 varii
1114 706 1214 735 deinde
1233 706 1321 734 varias
1342 712 1559 742 proposuerunt
1580 706 1661 743 (ι).
1703 704 1810 735 Guldi·

303 767 359 786 nus
393 765 486 787 tamen
513 759 655 796 principia
679 768 747 788 suae
771 759 905 787 Methodi
933 757 1104 787 Geometrae
1127 757 1240 786 Graeco
1264 757 1363 794 Pappa
1385 757 1596 792 quodammodo
1616 757 1715 785 debere
1733 755 1812 784 vide-

303 814 370 844 tur,
393 810 489 837 saltem
518 810 556 838 ita
581 810 690 847 judicat
719 810 785 839 Cel.
805 809 961 838 Montucla
987 810 1068 847 (2).
1115 810 1192 838 Cum
1223 808 1378 837 Geometra
1400 808 1445 836 sui
1469 807 1605 843 temporis
1628 805 1805 841 Cavalerio,

304 860 338 887 de
357 868 415 895 quo
442 861 619 896 praecedenti
644 861 739 896 capite
773 861 918 896 vidimus,
956 870 1032 890 anno
1059 868 1131 898 1740
1162 860 1196 888 de
1228 859 1338 894 Regula
1369 866 1420 886 sua
1446 857 1659 887 contentionem
1683 857 1809 892 aliquam

305 910 428 946 habuit,
456 919 512 946 qua
535 918 626 940 tamen
651 912 823 941 Cavalerius
848 918 965 941 coactus
992 913 1048 941 fuit
1078 912 1244 941 methodum
1269 911 1362 946 ipsius
1389 910 1477 945 magis
1497 909 1622 937 dilucide
1645 915 1808 944 exponere,

304 970 423 998 eamque
458 963 646 1000 restringere,
677 964 712 992 ad
734 971 807 1000 quae
838 964 953 1000 proprie
981 964 1156 1000 pertinebat.
1207 960 1412 991 Illustrationis
1439 959 1528 997 gratia
1553 960 1612 997 jam
1645 958 1809 995 exemplum

301 1020 511 1048 proponemus.

344 1062 482 1092 Circulus
507 1072 656 1100 generatur
680 1066 861 1094 revolutione
883 1066 953 1094 radii
985 1066 1061 1094 circa
1091 1071 1219 1095 centrum
1247 1069 1381 1099 tanquam
1409 1062 1474 1090 axin
1501 1060 1686 1089 immobilem.
1734 1058 1812 1088 Cen-

302 1120 377 1142 trum
403 1115 549 1151 gravitatis
573 1116 642 1144 radii
667 1116 754 1145 situm
783 1122 826 1144 est
854 1116 883 1144 in
911 1115 1001 1144 media
1026 1118 1087 1154 eJ'us
1117 1122 1208 1152 parte.
1260 1114 1315 1142 Via
1335 1114 1424 1150 igitur
1450 1112 1539 1149 huius
1570 1111 1660 1139 centri
1683 1115 1729 1138 est
1755 1108 1812 1137 cir-

302 1167 389 1195 culus
415 1166 578 1203 descriptus
606 1176 672 1196 cum
698 1167 816 1196 dimidia
845 1173 926 1202 parte
946 1167 1027 1198 radii.
1076 1167 1156 1204 Ergo
1182 1166 1354 1202 productum
1383 1172 1416 1192 ex
1444 1163 1547 1192 ultimo
1572 1162 1625 1190 hoc
1651 1159 1761 1188 circulo
1782 1164 1812 1187 et

302 1217 382 1246 radio
409 1218 575 1254 suppeditat
602 1227 693 1248 aream
718 1218 820 1247 circuli
854 1219 938 1254 primi
963 1218 1121 1256 descripti,
1154 1217 1232 1254 quod
1263 1216 1346 1245 etiam
1370 1222 1436 1244 cum
1458 1212 1611 1252 principiis
1636 1209 1813 1240 elementari-

305 1267 362 1296 bus
385 1270 533 1298 convenit.

344 1318 389 1346 Sit
412 1319 486 1347 enim
508 1318 586 1356 (fig.
604 1320 649 1357 9)
670 1319 776 1349 ABCD
797 1320 923 1349 circulus
936 1340 947 1356 ,
973 1327 1123 1357 generatus
1143 1328 1175 1349 ex
1197 1319 1276 1347 radio
1302 1318 1355 1346 AE
1375 1318 1450 1346 circa
1467 1322 1595 1345 centrum
1613 1315 1638 1343 E
1656 1313 1809 1347 volvente;

306 1375 434 1397 centrum
452 1370 599 1405 gravitatis
623 1371 691 1399 radii
710 1371 762 1399 AE
784 1378 827 1399 est
845 1371 874 1399 in
895 1369 937 1406 F,
960 1372 1050 1400 media
1067 1373 1128 1409 ejus
1148 1376 1238 1407 parte.
1287 1369 1341 1396 Via
1359 1368 1466 1404 igitur,
1487 1374 1571 1403 quam
1593 1365 1647 1393 hoc
1670 1370 1809 1400 punctum

306 1421 472 1456 percurrit,
492 1428 536 1449 est
555 1421 681 1449 circulus
703 1421 817 1458 FCH13
843 1423 917 1450 unde
933 1431 993 1450 area
1007 1422 1109 1450 circuli
1125 1421 1231 1450 ABCD
1251 1426 1295 1448 est
1313 1428 1350 1446 =
1369 1418 1441 1446 circ.
1462 1415 1559 1445 FGHI
1579 1417 1613 1449 Χ
1637 1415 1709 1447 A&
1731 1412 1811 1448 quod

307 1479 405 1499 verum
436 1479 499 1500 esse
526 1479 559 1500 ex
594 1471 757 1509 subjunctis
789 1479 890 1508 patet3
920 1480 964 1501 est
993 1472 1089 1508 enim,
1121 1472 1164 1500 uti
1196 1477 1298 1500 notum
1327 1477 1389 1504 est,
1420 1476 1482 1496 area
1513 1467 1613 1495 circuli
1642 1464 1749 1494 Asscl)
1777 1473 1813 1491 =

306 1522 452 1558 triangulo
479 1531 512 1551 ex
533 1523 667 1551 devoluta
691 1523 849 1559 peripheria
872 1531 899 1552 et
922 1525 1000 1552 radio
1020 1532 1056 1551 ,τ-
1075 1523 1242 1559 rectangulo
1264 1529 1297 1549 ex
1323 1519 1483 1556 peripheria
1509 1518 1643 1547 devoluta
1671 1523 1698 1544 et
1724 1514 1810 1544 semi·

305 1573 404 1611 radi03
424 1574 480 1612 jam
498 1581 561 1603 est:

612 1611 747 1640 circumf.
767 1612 874 1642 ABCD
900 1621 907 1641 :
928 1611 1061 1641 circumf.
1082 1611 1179 1640 FGHI
1197 1620 1234 1639 =
1254 1609 1307 1638 ΑΕ
1331 1617 1339 1637 2
1359 1609 1409 1637 Fr:

813 1669 840 1691 et
867 1663 1002 1698 quoniam
1023 1663 1077 1692 ΑΕ
1100 1670 1108 1690 :
1130 1662 1179 1690 FE
1199 1671 1235 1688 τ..
1254 1669 1271 1689 2
1294 1669 1302 1689 ι
1327 1668 1363 1695 1,

588 1717 599 1751 ξ
620 1712 753 1742 circumf.
776 1713 881 1743 ABCD
901 1724 938 1741 z
957 1713 1091 1742 circumf.
1113 1712 1233 1747 FGHI,
1255 1713 1382 1746 adeoque

552 1761 628 1793 *ars-‘²
652 1764 753 1792 circuli
773 1764 879 1793 ABCD
900 1775 937 1792 z
956 1772 1002 1796 [Ξ]
1021 1773 1054 1794 cx
1081 1764 1240 1800 peripheria
1265 1762 1400 1791 devoluta
1422 1766 1449 1788 et
1473 1758 1623 1788 semu-auio

897 1825 931 1843 Ξ
951 1823 997 1846 [3
1017 1824 1050 1845 ex
1080 1814 1310 1850 semiperipheria
1333 1812 1466 1840 devoluta
1490 1816 1517 1838 et
1540 1810 1619 1838 radio

900 1877 935 1894 :z
954 1874 1001 1898 [Σ]
1021 1875 1054 1896 ex
1079 1865 1215 1895 circumf.
1237 1863 1334 1894 FGffl
1354 1870 1381 1891 et
1404 1862 1481 1890 radio
1508 1861 1573 1890 AB.
1702 1896 1793 1934 Quam

335 1956 391 1985 (ι)
409 1956 461 1980 vid.
483 1957 561 1984 Maur,
581 1957 647 1980 Tom-
662 1956 691 1979 11.
712 1962 763 1984 pag·
776 1961 803 1982 33
818 1962 841 1978 et
863 1963 910 1984 mg.
924 1959 951 1984 98
967 1961 990 1978 et
1001 1962 1038 1984 99·
1059 1961 1112 1978 not·
1125 1956 1150 1977 B.

333 2000 388 2027 (a)
410 2000 443 2020 1‘x
464 1999 540 2021 verbis
560 1998 645 2026 Puppi,
665 2004 721 2026 quae
738 1999 809 2021 resen
824 1999 889 2020 Tom.
901 1999 919 2020 Ι.
941 2004 992 2027 pag.
1010 2003 1067 2026 ⁵⁹9·
1088 1998 1136 2020 vid.
1160 2001 1184 2018 et
1198 1996 1237 2018 ina
1256 1994 1314 2022 apud
1333 1991 1476 2018 L'llm'llu'er,
1495 1991 1534 2017 op.
1550 1989 1591 2013 cfr.
1610 1991 1665 2016 cap.
1680 1993 1703 2015 14
1720 1987 1741 2009 in
1756 1987 1808 2009 fine-
