1946 2517
309 160 405 211 '14'
735 168 764 199 J.
852 161 1374 204 CLARI‘S‘SE,-

327 246 489 291 maniiatis
515 246 701 291 historiam,
722 252 779 284 sed
812 254 999 296 quae,-1iisi
1025 263 1043 283 a
1074 251 1287 295 Philosopho‚
1311 245 1499 283 concinnari
1527 261 1545 282 a
1570 255 1713 284 nemine
1731 257 1788 296 pf».

329 320 409 351 test‚
443 317 587 344 constare
621 315 768 352 apertum
806 316 863 341 est.
920 308 1053 348 Qualem
1093 314 1166 351 post
1201 318 1388 339 coenum
1425 307 1625 350 aliorumque
1658 307 1789 348 studia,

327 378 530 405 Henna-111,
555 376 664 399 ISELI
678 377 696 397 rt
709 375 761 402 11,
785 376 872 397 num
885 375 985 397 nivo
998 375 1060 396 nil
1080 372 1143 395 tam
1163 363 1321 406 eleganter
1338 370 1371 395 et
1395 363 1552 394 subtiliter
1574 363 1789 403 adornarunt3

331 435 470 470 quorum
497 422 639 467 profecto
668 432 784 464 opera,
817 423 878 463 ipsi
903 421 1131 453 immortalitati
1151 419 1388 458 commendata,
1413 418 1580 461 legentur,
1608 429 1684 450 curn
1716 428 1794 463 ope.

333 495 404 516 rum
421 482 693 523 antiquariorum,
716 488 734 509 a
752 478 981 520 bajulatoribns
998 477 1088 520 qnasi
1111 483 1386 514 coacervatorum,
1409 474 1471 506 alta
1487 474 1610 505 dudum
1631 484 1791 518 quemque

335 546 464 582 captura
486 543 533 567 est
551 535 684 566 oblivio.
733 534 838 565 Altera
859 543 959 573 vero,
979 535 1018 565 de
1040 544 1103 577 qua
1123 533 1209 568 dixi,
1230 533 1310 562 ratio
1335 541 1371 562 ea
1396 537 1459 568 est,
1480 530 1569 573 quod
1586 539 1701 572 magna·
1723 540 1794 574 pai-s

337 593 532 636 antiquariae
567 589 772 634 supellectilis
807 591 980 621 arctissime
1008 600 1082 620 cum
1113 588 1165 620 itta
1192 586 1413 629 Philosophiae
1448 592 1535 629 parte
1567 586 1794 629 conjungitur,

336 660 433 694 quam
461 647 674 681 Aestheticam
697 656 811 677 vocare
840 645 951 676 solent.
996 647 1096 682 Nam,
1118 643 1351 685 conspiciendis
1366 643 1465 685 signis
1484 649 1519 673 et
1539 643 1651 673 statuis
1676 649 1707 673 et
1731 642 1794 674 ele-

334 706 536 751 gantissimae
567 703 686 734 formae
723 702 806 733 vasis
848 701 980 743 aliisque
997 723 1007 738 ‚
1047 707 1080 730 et
1112 699 1335 742 componenda
1371 699 1454 729 inter
1490 709 1524 729 se
1558 701 1682 729 ratione
1720 699 1794 740 pin-

333 762 430 806 gendi
447 783 458 800 ,
493 758 682 802 sculpendi,
719 752 926 795 aedificandi,
958 764 1112 788 nummos
1141 754 1305 791 cudendi,
1339 765 1419 796 quae
1447 753 1508 784 fuit
1534 755 1713 796 Aegyptiis,
1745 753 1795 785 vel

332 818 443 857 Indis,
463 816 513 849 vel
543 818 684 853 Graecis,
710 815 760 846 vel
790 816 960 851 Romarm,
985 812 1035 844 vel
1058 810 1292 849 recentioribus,
1319 810 1436 840 eximie
1463 809 1525 846 ali,
1549 809 1638 848 elici,
1667 810 1796 840 excitari

334 875 438 919 pulcri
459 871 619 911 studium,
641 872 731 915 quis,
764 870 815 902 vel
843 881 894 901 me
922 875 1061 906 tacente,
1082 879 1150 899 non
1176 877 1307 909 prorsus
1341 865 1523 908 intelligat?
1555 865 1640 907 Quis
1663 876 1730 897 non
1756 866 1796 898 de

332 929 564 973 elegantissima
594 928 812 971 expositione,
843 933 874 958 et
904 925 943 957 de
973 927 1176 957 incrementis
1205 923 1353 961 laetetur,
1377 932 1459 965 quae
1484 928 1519 953 et
1547 920 1713 961 Collecdo,
1736 921 1798 952 Ar-

331 986 536 1028 chaeologico
565 986 679 1016 Museo
701 985 870 1026 contigua,
894 993 958 1025 qua
980 991 1096 1024 gypsea
1125 980 1332 1021 antiquorum
1364 979 1530 1020 signorum
1560 984 1671 1020 ectypa
1697 988 1795 1009 asser-

330 1049 467 1080 vantur,
502 1040 658 1082 cujusque
685 1051 760 1071 cura
779 1049 1044 1079 ,nunizi-:amo
1076 1044 1187 1068 nostro
1220 1043 1284 1067 tam
1316 1035 1397 1067 bene
1425 1034 1613 1066 demandata
1641 1040 1710 1072 est,
1735 1034 1796 1065 hoc

329 1108 440 1130 rursus
465 1107 551 1127 auno
572 1096 762 1138 acquisivit?

374 1213 490 1241 Earum
513 1217 635 1246 rerum,
658 1217 740 1250 quae
764 1206 798 1237 in
816 1205 899 1236 facto
919 1208 1039 1248 positae
1056 1213 1148 1246 sunt,
1170 1205 1353 1242 scientiam,
1374 1203 1532 1246 siquidem
1557 1201 1715 1246 praeclara
1732 1204 1791 1240 sit,

334 1277 404 1298 non
434 1275 520 1295 mere
550 1265 731 1295 historicam
755 1273 839 1300 esse,
862 1261 916 1293 sed
947 1261 1169 1305 philosopham
1201 1272 1348 1305 quoque,
1377 1260 1534 1298 vidimus,
1567 1259 1607 1291 A.
1631 1260 1676 1296 A;
1708 1269 1796 1289 nunc

334 1323 374 1355 ad
411 1320 632 1363 Philosophiae
667 1319 770 1350 studia
799 1319 1023 1361 pergentibuS‚
1064 1318 1160 1361 hujus
1185 1319 1349 1350 scientiam
1378 1327 1446 1347 non
1473 1316 1581 1346 minus
1614 1314 1797 1345 historicam

333 1390 419 1418 esse,
441 1388 536 1421 quam
563 1375 806 1419 philosopham,
826 1375 922 1405 nobis
952 1375 1125 1418 apparebit.
1170 1373 1344 1415 Quomodo
1369 1374 1456 1404 enim
1486 1381 1615 1414 cunque
1641 1381 1710 1401 eain
1741 1370 1797 1402 de-

334 1435 500 1472 finiamus,
532 1438 586 1462 aut
612 1438 715 1474 partes
741 1431 811 1473 ejus
835 1430 1086 1473 distinguamus,
1123 1432 1190 1463 sive
1217 1441 1292 1463 curn
1321 1438 1570 1462 ARISTOTELE
1593 1426 1800 1458 them-eticam

333 1498 366 1523 et
390 1493 586 1535 practicam,
619 1489 684 1518 sive
708 1498 783 1518 cum
809 1498 884 1518 pua
898 1498 1009 1518 ΤοΝΕ
1037 1488 1241 1526 rationalem,
1267 1486 1431 1530 physicam
1455 1492 1486 1516 et
1511 1482 1687 1520 moralem,
1711 1483 1799 1520 sive,

335 1547 423 1591 quod
453 1545 522 1577 aliis
553 1544 750 1586 praeplacet,
784 1554 843 1574 nea
871 1543 964 1574 nobis
988 1543 1154 1586 displicere
1176 1543 1332 1582 fatemur,
1361 1542 1527 1586 physicam
1558 1547 1590 1571 et
1612 1539 1801 1582 metaphysi-

335 1615 427 1641 cam,-
450 1603 482 1633 in
510 1603 579 1644 ejus
608 1599 716 1631 studio
737 1610 835 1642 aeque
858 1600 984 1642 quaeri,
1007 1600 1086 1642 qnid
1108 1602 1168 1638 sit,
1191 1611 1227 1632 ac
1258 1610 1356 1642 quare
1382 1600 1423 1629 sit
1451 1604 1505 1629 aut
1523 1595 1704 1639 quomodo,
1727 1596 1800 1638 quis

342 1659 468 1691 tandem
500 1656 623 1688 inficias
649 1658 714 1694 ire,
747 1655 813 1687 ullo
837 1657 907 1697 jure
941 1656 1066 1698 possit?
1112 1658 1284 1698 Utramque
1311 1661 1451 1698 partem,
1475 1654 1569 1684 hodie
1589 1651 1719 1694 quidem
1741 1652 1801 1682 mi-

340 1727 422 1754 uus,
451 1721 486 1745 ut
517 1713 663 1752 videtur,
698 1713 795 1755 perite
817 1723 834 1743 a
860 1711 1024 1743 nonnullis
1053 1712 1266 1754 disjunctam,
1304 1712 1416 1742 intime
1444 1717 1548 1740 tamen
1572 1708 1800 1750 conjunctam,

341 1777 502 1814 quotquot
536 1779 678 1811 unquam
715 1770 773 1799 rite
804 1768 1032 1808 excoluerunt,
1076 1769 1109 1800 id
1137 1780 1203 1800 uno
1239 1778 1350 1799 omnes
1380 1777 1434 1797 ore
1462 1771 1536 1795 sunt
1562 1764 1655 1795 sassi:
1695 1765 1806 1794 etiarn·

343 1839 370 1858 ει
395 1825 530 1857 subinde
552 1825 649 1865 aliqui
672 1826 706 1855 in
737 1825 923 1855 alterutrum
942 1826 1135 1867 cognitionis
1161 1835 1262 1867 genus
1285 1824 1380 1855 nimis
1406 1822 1536 1853 sortasse
1563 1821 1712 1864 propensi
1735 1818 1801 1851 fue-

347 1890 419 1914 rint.
464 1883 566 1918 hain,
596 1888 631 1912 ut
663 1882 819 1923 reliquos,
845 1881 1007 1912 brevitatis
1030 1892 1142 1919 causa,
1171 1881 1313 1918 mittam,
1337 1887 1619 1911 Ληιετοτειεε
1647 1887 1686 1907 ex
1716 1879 1808 1908 Vete-

344 1939 433 1970 ribus
451 1949 516 1968 nou
544 1939 654 1969 minus
669 1939 797 1979 Morum
820 1939 1004 1969 Doctriuain
1020 1937 1142 1969 ratione
1159 1936 1347 1975 illustravit,
1371 1945 1465 1978 quam
1486 1933 1681 1967 Anitnalium
1702 1934 1805 1962 ilisto-

1730 1998 1810 2019 natu
