1946 2517
383 177 404 209 4
762 163 1068 196 1-1.1³.1›n
1148 161 1512 193 KANTER

387 260 427 281 no
452 250 522 279 satis
548 248 619 278 bene
644 249 803 278 instructos
833 254 864 276 se
889 244 1082 283 probaverunt
1108 244 1143 273 ad
1167 251 1267 275 omnes
1293 239 1369 274 sacri
1394 245 1520 275 muneris
1548 249 1662 282 parteS,
1684 251 1717 275 ut
1744 251 1892 284 oporteret

360 293 365 295 ”
386 302 551 339 explendas.
1244 301 1247 303 ’

419 353 482 390 Jam
506 358 571 381 ante
594 351 664 389 Jesu
699 355 818 378 mortem
853 357 887 377 ex
918 354 1015 376 eorum
1049 354 1168 375 numero
1200 348 1339 376 exciderat
1365 347 1469 384 optimi
1493 347 1611 376 Domini
1642 348 1774 384 proditor
1800 348 1892 385 Judas

387 403 547 438 Iscarioth3
578 403 622 431 illi
647 410 714 430 vero
738 402 814 437 iam,
844 400 878 428 de
907 407 1021 427 munere
1044 398 1178 426 obeundo
1203 398 1340 427 divinitus
1363 400 1457 428 edocti
1481 405 1508 426 et
1534 399 1568 427 de
1588 398 1672 427 rebus
1701 399 1818 435 agendis
1843 399 1893 428 ad-

386 453 509 486 moniti,
530 461 610 480 sacro
635 453 692 480 ritu
720 451 750 480 in
778 452 840 489 ejus
866 451 962 478 locum
988 449 1162 478 suffecerunt
1186 448 1361 487 Matthiam3
1382 451 1516 486 deinceps
1539 458 1636 479 eorum
1655 451 1808 480 consortio
1830 450 1894 487 pla-

382 511 418 532 ne
441 502 650 538 supernaturali
680 502 767 531 modo
795 502 948 540 adjunctus
974 507 1017 529 est
1039 501 1160 529 Paulus.

422 554 530 582 Omnes
553 553 616 588 illi,
639 561 704 582 cum
734 553 819 581 variis
843 553 873 581 in
899 551 994 587 locis,
1017 551 1146 580 doctrina
1166 551 1328 588 Religionis
1352 552 1534 581 Christianae
1562 553 1767 589 praedicanda,
1791 551 1894 584 multis

388 605 557 633 hominibus
583 604 706 633 divinam
732 605 793 642 ejus
825 603 1021 632 auctoritatem
1047 603 1267 638 persuaderent,
1290 604 1448 639 singulares
1474 603 1520 632 liic
1548 611 1576 631 et
1599 604 1657 632 illic
1677 603 1894 637 constituerunt

386 662 486 684 coetus
506 663 630 691 eorum,
664 656 714 691 qni
742 655 770 683 in
791 654 946 691 peculiares
973 654 1126 682 societates
1156 654 1304 691 religiosas
1330 655 1458 690 coirent,
1488 655 1643 690 Deumque
1671 654 1797 683 unanimi
1825 661 1896 682 con·

382 715 466 735 sensu
489 707 524 735 ad
547 714 674 735 normam
700 714 715 734 a
732 705 803 743 Jesu
826 704 1031 741 praescriptam
1057 710 1157 732 sancte
1176 710 1204 732 et
1226 705 1273 740 pie
1297 706 1433 734 colerent.
1474 705 1528 734 His
1556 714 1622 734 vero
1641 705 1774 734 coetibus
1795 711 1896 740 regen·

383 757 450 792 dis,
481 764 588 793 praeter
621 756 845 792 Euangelistas,
871 754 920 791 qui
947 754 1104 790 dicuntur,
1135 755 1268 790 aliosque
1292 755 1438 784 Ecclesiae
1474 755 1623 785 ministros
1652 753 1892 784 extraordinarios

381 810 553 845 eosdemque
581 810 712 846 ipsorum
739 808 769 837 in
797 808 949 843 Religione
977 806 1143 835 Christiana
1178 806 1359 842 propaganda
1387 806 1554 843 adjutores,
1584 806 1742 835 ordinarios
1775 811 1898 841 quoque

382 859 599 896 praelecerunt,
629 860 719 896 vulgo
750 860 954 896 Πρεσβύτερους
986 858 1033 886 vel
1070 863 1097 885 et
1127 858 1308 890 Ἑπίσκοπους
1337 856 1444 885 dictos.
1493 856 1726 892 Requirebantur
1751 856 1826 885 enim
1857 855 1898 884 rei

382 911 562 940 Christianae
591 918 733 940 tutatores
763 918 789 939 et
812 911 939 939 vindices
968 909 1039 937 bene
1070 908 1225 943 instructi,
1256 907 1308 943 qui
1332 907 1490 937 doctrinam
1518 908 1551 935 ab
1579 907 1733 943 Apostolis
1759 907 1892 936 traditam

381 970 479 998 puram
507 970 592 997 atquc
617 962 755 990 illibatam
779 967 1001 994 conservarent,
1029 960 1221 994 distincteque
1247 966 1442 994 exponerent,
1471 965 1499 986 et
1525 958 1558 986 ad
1586 963 1661 986 recte
1685 964 1715 985 et
1745 957 1826 985 beate
1852 957 1895 985 vi-

383 1012 505 1040 vendum
530 1013 718 1047 adhiberent,
740 1019 862 1048 quorum
889 1011 1007 1047 insuper
1034 1009 1158 1038 officium
1183 1017 1278 1044 esset,
1309 1010 1395 1038 sacris
1425 1009 1576 1045 praeesse,
1608 1007 1702 1036 omnia
1729 1007 1764 1036 ad
1784 1007 1900 1036 cultum

382 1063 532 1099 publicum
557 1062 691 1102 socialem
711 1061 880 1098 pertinentia
904 1061 1042 1089 moderari
1068 1067 1094 1089 et
1121 1061 1149 1089 in
1175 1061 1343 1089 universum
1371 1060 1486 1096 videre,
1509 1068 1544 1088 ne
1566 1059 1637 1096 quid
1661 1067 1707 1087 res
1731 1057 1899 1088 Christiana

381 1112 541 1141 detrimenti
568 1119 698 1149 caperet,
730 1112 907 1147 omninoque
936 1112 966 1140 id
993 1119 1097 1148 agere,
1127 1117 1158 1138 ut
1185 1110 1309 1146 singulis
1340 1110 1411 1139 bene
1437 1116 1534 1144 esset,
1562 1116 1647 1145 atque
1677 1110 1804 1138 omnium
1830 1113 1898 1138 coe·⁴

383 1171 465 1193 tuum
491 1165 578 1193 decus
601 1170 628 1192 et
654 1164 732 1192 salus
758 1168 975 1192 conservaretur
991 1169 1019 1191 et
1042 1161 1073 1191 in
1100 1162 1160 1190 dies
1179 1169 1338 1198 augeretur.
1381 1162 1445 1191 Hoc
1467 1169 1561 1191 autem
1589 1169 1692 1189 munus
1721 1162 1751 1190 in
1775 1169 1806 1190 se
1830 1169 1896 1190 sus·

383 1215 478 1251 cipere
511 1222 570 1243 non
594 1220 729 1250 poterant
755 1212 913 1249 Apostoli3
943 1220 1036 1248 neque
1059 1213 1132 1241 enirn
1158 1213 1202 1241 illi
1237 1213 1266 1241 in
1291 1221 1349 1241 uno
1375 1213 1531 1249 eodemque
1560 1213 1626 1241 loco
1653 1220 1815 1248 permanere
1839 1220 1895 1248 po-

381 1272 495 1300 teraut,
525 1264 666 1294 divinitus
700 1264 812 1293 scilicet
845 1263 941 1300 jussi,
974 1262 1157 1302 Religionem
1190 1264 1258 1301 Jesu
1293 1265 1379 1301 longe
1413 1265 1527 1301 lateque
1558 1263 1695 1300 proferre.
1750 1264 1899 1292 coetuum

378 1318 462 1346 etiarn
491 1315 716 1345 constitutorum
740 1323 877 1344 numerus
906 1314 934 1342 in
961 1314 1022 1342 dics
1051 1315 1089 1342 ita
1117 1315 1293 1352 augebatur,
1322 1323 1355 1344 ut
1385 1315 1510 1351 singulis
1538 1315 1681 1343 continuo
1707 1314 1845 1343 inservire
1868 1321 1899 1343 et

384 1368 549 1405 prospicere
572 1375 632 1396 non
654 1372 784 1403 possent.
825 1365 910 1394 Certe
927 1373 1025 1393 curare
1058 1373 1108 1394 eos
1134 1367 1307 1402 oportebat,
1329 1375 1364 1395 ne
1381 1367 1532 1401 deessent,
1552 1366 1586 1394 ad
1606 1373 1702 1401 quos,
1724 1370 1794 1400 post
1815 1364 1896 1400 ipso-

379 1428 441 1447 rum
471 1427 588 1447 mortem
616 1427 728 1448 sacrum
761 1427 869 1447 munus
896 1424 962 1448 tuto
989 1417 1092 1446 deferri
1120 1425 1233 1454 posset.
1274 1418 1380 1447 Paulus
1407 1418 1435 1446 in
1459 1417 1526 1445 loco
1545 1416 1623 1452 Eph.
1646 1415 1707 1444 IV:
1731 1423 1763 1444 11
1785 1415 1892 1444 diserte

382 1471 489 1505 docet,
508 1470 640 1498 diversos
661 1477 807 1498 sacrorum
834 1468 1033 1497 miri‘strornm
1059 1470 1193 1506 ordines,
1225 1470 1275 1506 qui
1304 1477 1355 1498 sua
1381 1473 1470 1497 aetate
1491 1468 1548 1505 jam
1573 1466 1766 1502 exsistebant,
1801 1465 1896 1502 ipsius

374 1520 445 1556 jesu
467 1520 581 1548 nomine
600 1527 626 1548 et
644 1521 813 1549 auctoritate
844 1529 907 1549 esse
927 1520 1133 1556 constitutos,
1157 1521 1228 1550 unde
1252 1520 1364 1556 liquet,
1384 1519 1568 1556 Apostolos,
1589 1518 1619 1547 in
1644 1517 1797 1546 ordinariis
1820 1524 1894 1552 quo·

384 1579 439 1606 qne
464 1570 520 1599 illis
545 1570 691 1599 Ecclesiae
714 1571 852 1599 ministris
877 1571 1029 1607 creandis,
1055 1571 1182 1608 supremi
1207 1571 1357 1602 Ecclesiae
1385 1570 1472 1608 Regis
1499 1576 1526 1598 et
1551 1568 1764 1599 Gubernatoris
1788 1568 1893 1598 volun-

381 1622 431 1650 tati
458 1627 485 1650 et
510 1621 642 1650 consiliis
668 1621 843 1650 satisfecisse
865 1622 946 1658 (r).

1807 1674 1896 1706 Πρεσ-

413 1752 428 1786 (
444 1752 479 1786 ι)
505 1753 578 1787 Quos
596 1755 628 1779 ibi
649 1761 770 1780 memorat
792 1755 898 1786 Paulus,
918 1761 1015 1787 praeter
1037 1755 1180 1787 Apostolos
1198 1754 1335 1787 προφῆτκς
1353 1760 1377 1779 et
1395 1753 1594 1787 εὗκγγελὶστας
1607 1771 1614 1783 ,
1633 1752 1649 1777 ii
1672 1752 1813 1778 certissime
1836 1752 1896 1778 fue-

379 1806 435 1824 runt
457 1801 564 1825 ministri
584 1800 714 1826 Ecclesiae
730 1802 953 1833 extraordinarii,
973 1809 1079 1833 qnorum
1098 1809 1186 1826 munus
1206 1809 1255 1826 nori
1274 1809 1324 1827 crat
1343 1807 1507 1833 pczpctunm,
1526 1800 1568 1825 sed
1586 1799 1615 1824 ad
1635 1800 1821 1831 Apostolorum
1840 1806 1897 1824 tan·

379 1852 431 1870 tum
449 1852 560 1878 tempora
577 1847 733 1879 pertinebat.
769 1848 905 1873 Ora's'nm-ii
922 1855 1002 1873 antem
1026 1848 1182 1880 inrelligendi
1202 1855 1257 1873 sunt
1276 1849 1393 1878 ποιμένες
1409 1848 1445 1871 ,lli
1464 1849 1507 1872 uui
1528 1846 1702 1876 διὲάσκιὶαι,
1720 1846 1765 1878 qni
1788 1845 1846 1871 alibi
1869 1847 1894 1870 in

380 1892 415 1918 N.
434 1892 461 1918 [³.
480 1893 599 1918 dicuntur
619 1895 786 1926 πρεσβύτεροι
806 1895 844 1919 vel
863 1894 1007 1920 inicum-oa.
1053 1893 1105 1921 Cff.
1128 1894 1190 1919 infra
1209 1893 1331 1923 tut-enda,
1352 1900 1375 1917 ct
1398 1894 1534 1925 aitrau-ga,
1558 1892 1588 1917 de
1611 1893 1704 1924 Synag.
1725 1891 1784 1918 Vet.
1806 1891 1838 1917 L.
1858 1890 1895 1918 11.

380 1945 404 1962 c.
420 1946 445 1963 z.
464 1947 488 1970 p.
503 1940 568 1971 484,
585 1941 645 1972 485.
682 1942 721 1966 De
739 1941 845 1966 muneris
863 1941 925 1966 sacri
945 1941 1039 1971 origine
1065 1941 1102 1966 cf.
1123 1948 1226 1973 quoquc
1246 1940 1288 1966 Cl.
1308 1940 1337 1966 L.
1356 1940 1502 1969 Snrsttgar,
1522 1939 1612 1962 Omio
1629 1937 1659 1962 de
1678 1939 1786 1962 muneris
1801 1937 1895 1962 doctri·

380 1992 425 2008 ·.:1›:
444 1983 606 2011 Christianae
624 1989 792 2020 inteiprctmu
802 1989 966 2020 praestantia
978 1986 1079 2020 ficturis
1098 1987 1236 2020 Religionis
1254 1986 1392 2012 doctor-ihm
1409 1985 1461 2010 tite
1479 1983 1654 2014 aestimanda,
1673 1989 1729 2015 pag.
1746 1983 1861 2016 9—18.
