1946 2517
166 1049 240 1080 lbid.

573 193 1136 229 ANNOTATIO.
1561 202 1604 240 39

274 279 322 310 1ll.
346 277 515 309 Academiae
531 276 687 307 Curatores
707 283 772 305 cum
795 275 900 305 Senatu
918 279 1112 316 Academico,
1133 280 1208 310 datis
1226 282 1263 310 ad‘
1275 289 1342 311 eumv
1361 283 1488 319 litteris,
1508 292 1589 313 com·

280 330 483 364 municarunt,
504 327 577 365 Regi
597 327 760 364 placuisse,
782 334 814 356 ut
838 328 868 357 in
896 329 992 359 locum
1017 340 1220 362 nnucmarvsu
1239 335 1404 364 succederet
1424 336 1475 364 Vir
1490 336 1598 366 Claris-

281 384 372 413 simus
395 391 426 411 c.
450 390 481 411 c.
504 390 536 411 e.
557 389 820 417 REINWARDTUS‚
850 391 988 419 suamque
1017 392 1047 412 ea
1076 385 1110 412 de
1138 393 1167 413 re
1199 386 1377 415 voluntatem
1409 387 1594 416 testificatum

275 443 338 464 esse
361 434 483 462 Deci-eto
511 432 567 461 diei
593 440 654 462 vm
681 431 857 461 Novembris
884 441 911 462 a.
933 442 1162 464 cromcccxtx,
1194 436 1255 465 No.
1277 429 1323 473 333.
1365 437 1396 465 ld
1417 446 1484 466 vero
1513 443 1594 465 tanto

279 486 372 523 magis
388 487 540 519 laetamur,
562 490 671 520 quanto
687 483 867 520 evidentius,
889 485 1055 521 gravissima
1085 495 1144 514 non
1172 496 1262 523 pauca
1276 509 1285 523 ‚
1307 488 1483 525 adjuvandae
1505 487 1598 517 omni-

280 545 367 575 genae
392 534 593 570 Eruditionis,
614 535 754 571 imprimis
781 543 849 563 vero
871 536 1039 564 scrutandae
1063 536 1093 565 in
1116 537 1188 573 ipsis
1207 539 1268 567 suis
1293 539 1408 568 latebris
1424 539 1551 568 Naturae
1565 539 1596 568 in

279 589 417 627 gratiam,
431 587 531 616 itinera
545 593 573 615 et
584 587 710 623 pericula
728 586 878 621 adeundo,
900 594 954 615 suo
967 587 1030 623 ipse
1043 589 1173 624 exemplo
1191 589 1370 624 ostenderit,
1392 590 1508 618 minime
1523 598 1595 619 vana

281 648 364 675 esse,
385 645 437 674 aut
451 639 524 667 ultra
543 637 781 673 modum'aucta,
804 645 876 674 quae
897 644 963 668 ante
986 639 1041 669 hos
1061 640 1163 677 viginti
1189 649 1305 676 anuos,
1325 642 1515 671 Harderovici
1536 650 1600 670 mu-

277 700 335 722 nus
354 690 507 727 auspicans
532 689 709 718 professoris
729 690 955 726 Disciplinarum
975 691 1184 728 physicarum,
1214 698 1269 721 tam
1297 692 1419 722 facunde
1440 693 1549 722 dixerat
1566 693 1601 722 dc

276 742 407 777 ardore,
427 750 482 780 quo
500 741 651 770 Historiae
671 741 836 770 Naturalis
853 747 880 769 et
899 743 1034 780 inprtmis
1057 743 1207 772 Botanices
1233 745 1357 773 cultores
1374 747 1406 773 in
1431 754 1483 774 sua
1503 744 1602 773 studia

271 796 432 833 seruntur.
473 792 526 822 Uti
546 801 614 822 vero
630 801 702 829 quae
721 801 811 829 pauca
839 794 873 821 de
901 792 1080 830 indefatigati
1104 794 1279 823 itineratoris
1307 795 1455 824 laboribus
1483 794 1600 823 rescivi-

278 853 365 881 mus,
386 844 502 873 saiivam
530 849 666 878 movent,
688 843 727 872 ita
751 845 800 873 vix
814 844 932 872 dubium
946 864 957 880 ,
979 844 1050 881 quin
1072 845 1203 881 itineris,
1225 852 1269 874 tot
1289 847 1455 875 nominibus
1472 854 1601 874 momen·

279 896 357 931 rosi,
391 895 549 932 descriptio
579 895 742 932 propediem
773 895 811 924 sit
835 896 864 924 in
898 896 990 924 lucem
1019 896 1164 931 publicam
1195 897 1359 927 emittenda.
1402 898 1471 926 Non
1499 905 1599 934 parum

278 946 352 976 enim
377 947 412 975 ad
433 947 520 975 decus
545 947 674 982 Patriae,
707 955 922 977 REINWARDTI
944 947 1054 977 laudem
1080 954 1108 976 et
1134 948 1227 985 ipsius
1254 950 1436 978 Eruditionis
1459 957 1600 986 causam,

278 997 417 1026 interesse
436 1003 572 1033 putamus
584 1018 594 1033 ‚
617 997 655 1026 ita
676 997 746 1028 fieri.

279 1048 410 1077 Mecum.
449 1048 686 1086 Quandoquidem
707 1047 845 1085 fuerunt,
867 1050 916 1086 qni
934 1049 1104 1088 Theologum
1128 1052 1297 1081 mirarentur
1312 1052 1485 1081 naturalium
1504 1059 1596 1080 rerum

282 1099 492 1137 professionem
507 1119 518 1135 ,
541 1100 729 1135 quantumvis
750 1100 908 1136 vicariani,
936 1100 966 1129 in
990 1109 1021 1129 se
1040 1102 1210 1138 suscipere,
1238 1112 1291 1132 nec
1315 1104 1491 1140 probarent,
1519 1103 1602 1131 inau-

282 1150 375 1187 gurali
395 1149 558 1185 Lectione,
578 1150 623 1178 die
644 1158 719 1179 xxrx
739 1150 915 1186 Septembris
940 1159 967 1179 a.
983 1159 1198 1181 ctorocccxrx
1218 1153 1314 1182 habita
1327 1173 1340 1188 ,
1359 1153 1389 1181 id
1409 1153 1493 1181 etiam
1516 1160 1601 1189 agen-

280 1201 349 1230 dum
367 1209 429 1229 esse
444 1201 567 1237 putavi,
589 1207 644 1238 ut,
666 1208 821 1238 postquam
839 1201 1013 1238 docueram,
1033 1211 1079 1231 me
1098 1204 1258 1232 illustrium
1285 1204 1455 1234 Academiae
1478 1205 1604 1233 Curato·

282 1260 348 1282 rum
368 1252 515 1281 voluntati
533 1260 560 1281 et
575 1252 740 1281 auctoritati
758 1252 810 1281 hac
828 1252 858 1281 in
882 1260 912 1281 re
931 1253 1014 1282 unice
1031 1255 1171 1291 cessisse,
1195 1263 1288 1291 neque
1305 1256 1333 1284 id
1352 1255 1421 1284 mihi
1441 1256 1602 1291 sumsisse,

283 1325 303 1341 „
321 1310 356 1333 ut
370 1303 436 1333 talis
453 1312 485 1333 ac
501 1304 573 1332 tanti
588 1304 737 1339 doctoris,
755 1303 850 1339 qualis
865 1312 1098 1335 BRUGMANSws
1116 1305 1227 1341 fuerat,
1248 1306 1398 1343 imaginem
1417 1307 1486 1334 meis
1507 1306 1603 1342 quali·

281 1376 300 1392 „
321 1356 493 1391 buscunque
521 1355 716 1391 lectionibus,
746 1354 842 1390 aliqua
866 1361 942 1384 certe
970 1364 1004 1385 ex
1035 1363 1138 1393 parte,
1167 1357 1535 1394 instauraremaepaucis,
1571 1357 1603 1386 in

278 1406 430 1437 Lectionis
446 1407 525 1436 exitu
543 1407 739 1442 ostenderem,
770 1427 788 1442 „
809 1414 898 1442 quare
916 1406 1103 1444 Theologum
1121 1416 1179 1436 non
1210 1409 1306 1437 minus
1319 1429 1329 1444 ‚
1351 1409 1412 1438 imo
1433 1409 1522 1446 magis
1542 1409 1604 1438 for-

282 1477 302 1495 „
321 1465 418 1493 tasse,
440 1466 526 1494 quam
545 1458 591 1487 vel
605 1457 776 1494 Medimni,
797 1465 847 1487 aut
867 1458 956 1487 alium
982 1459 1112 1495 quemvis
1136 1460 1292 1495 ingenuum
1310 1467 1337 1488 et
1361 1461 1507 1489 erectioris
1524 1460 1607 1496 inge·

281 1530 301 1546 „
319 1509 362 1538 nii
381 1510 545 1546 hominem,
565 1517 648 1539 ornet
666 1509 812 1539 Historiae
829 1510 978 1539 Naturalis
994 1511 1069 1539 haud
1083 1511 1220 1539 tralatitia
1246 1511 1404 1540 scientia.⁰’
1439 1511 1520 1548 Quae
1536 1518 1605 1540 vero

281 1567 352 1590 tunc
371 1561 510 1597 temporis
531 1561 590 1591 dici
610 1560 768 1597 debebant,
787 1561 941 1590 etiamnum
964 1561 1088 1591 fortasse
1108 1571 1123 1591 a
1142 1570 1201 1591 non
1218 1563 1330 1590 nemine
1347 1563 1392 1591 vel
1409 1570 1468 1591 non
1490 1561 1602 1590 inutili-

278 1618 344 1649 ter,
364 1613 409 1641 vel
424 1612 524 1642 saltem
546 1621 606 1642 non
621 1613 710 1642 invite
727 1613 773 1642 hic
793 1613 933 1649 legentur.
973 1614 1062 1642 Erant
1082 1620 1179 1642 autem
1203 1614 1379 1651 hujusmodi.
1420 1612 1546 1642 indicata
1561 1612 1605 1641 in·

281 1664 378 1693 stituti
396 1663 505 1693 ratione
529 1664 572 1693 sic
597 1664 632 1693 ab
657 1664 709 1692 hac
728 1665 880 1695 Lectionis
896 1671 977 1702 parte
997 1666 1032 1694 ad
1050 1666 1178 1694 ultimam
1194 1666 1362 1694 transiebam
1375 1686 1386 1701 ,
1407 1666 1437 1694 in
1453 1672 1541 1701 eaque
1556 1665 1603 1692 de·

280 1714 426 1745 sinebam:
448 1731 485 1738 —
498 1731 537 1739 —
560 1736 578 1752 „
597 1715 712 1753 Quodsi
731 1725 798 1746 vero
813 1716 956 1744 interdum
980 1724 1015 1746 ex
1032 1724 1124 1745 rerum
1143 1717 1318 1746 naturalium
1348 1717 1391 1744 vel
1410 1716 1604 1751 pulcritudine

278 1785 299 1801 ‚‚
319 1767 364 1794 vel
382 1767 507 1795 utilitate
526 1767 662 1796 adorandi
679 1767 789 1796 summi
809 1768 946 1797 Numinis
971 1769 1138 1805 sapientiam
1158 1775 1358 1805 argumentum
1376 1768 1519 1803 elicuere,
1542 1768 1597 1796 hoc

281 1835 302 1853 „
322 1817 390 1845 mihi
409 1817 506 1854 juris,
528 1818 682 1856 Theologo
703 1820 837 1848 nimirum
850 1839 863 1855 ,
881 1827 948 1849 eum
970 1820 1050 1850 vcnia
1070 1819 1217 1850 dabitis.”

325 1887 344 1903 „
363 1868 432 1897 Ncn
459 1869 532 1897 cnim
551 1870 612 1898 Vos
638 1879 704 1899 cum
725 1872 832 1907 ineptis
854 1872 920 1902 istis
940 1879 973 1902 ·et
994 1873 1110 1910 angusti
1131 1872 1218 1902 animi
1235 1872 1402 1901 hominibus
1425 1870 1534 1905 facere,
1556 1874 1602 1898 sat

281 1939 301 1954 ‚,
321 1920 408 1954 scio,
425 1921 464 1949 A.
483 1923 538 1957 Λ.,
560 1923 612 1958 qui
631 1923 813 1960 'iheologum
841 1924 920 1954 hisce
944 1925 1049 1954 studiis
1074 1924 1227 1960 delectari,
1249 1924 1319 1959 quin
1340 1922 1458 1959 publice
1484 1930 1528 1949 eas
1548 1928 1603 1949 tra-

285 1988 307 2005 „
325 1970 452 1999 diturum
471 1980 532 2001 esse
554 1980 583 2002 ct
610 1974 749 2003 mirantur
765 1982 792 2004 er
816 1983 897 2012 aegre
917 1974 1025 2005 ferunt.
1067 1975 1122 2005 His
1137 1983 1203 2004 cum
1231 1974 1458 2010 respondentium
1478 1973 1515 2001 sit
1536 1973 1606 2000 ulti·

279 2039 302 2060 ῃ
321 2030 367 2052 mo
384 2024 471 2061 loco,
490 2032 527 2053 ne
544 2032 637 2056 vestra
654 2027 789 2063 patientia
807 2027 894 2058 nimis
910 2028 1030 2064 abutar,
1051 2034 1123 2063 quae
1140 2026 1259 2056 dicenda
1283 2025 1414 2054 haberem
1441 2024 1509 2054 bene
1529 2023 1605 2051 mul·

1543 2095 1563 2113 ⁷·
1580 2083 1609 2105 ta
