1946 2517
427 138 748 171 COMMENTATIO
770 150 804 170 IN
825 140 1127 179 QUAESTIONEM
1149 143 1356 177 MEMCAM.
1613 155 1653 185 43

417 435 908 477 DIVISIO
1014 438 1382 481 PRIMA.

844 544 963 555 ...—

468 613 786 653 PARS
902 615 1320 655 PRIMA.

654 734 923 761 ANATOMIA
959 734 1137 764 LIENIS.

138 855 168 891 s.
186 864 212 885 1.
233 822 341 885 Lien
365 855 425 883 sive
443 855 546 891 splen,
567 855 666 885 viscus
689 855 846 893 singularis
865 862 1026 886 structurae
1052 862 1079 885 et
1102 857 1161 887 fere
1186 858 1367 896 incognitum
1396 861 1492 897 quoad
1521 860 1649 891 functio·

141 915 192 935 nes
204 926 214 941 ‚
237 906 265 934 in
280 905 396 934 homine
417 906 586 935 naturaliter
606 907 769 936 collocatus
788 914 831 936 est
850 909 880 936 in
899 908 1007 937 laterali
1025 915 1052 936 et
1068 909 1228 944 posteriore
1247 919 1325 947 parte
1344 912 1457 942 sinistri
1476 913 1647 949 liypochon·

140 959 214 993 drii3
236 958 265 985 in
290 956 371 985 foetu
398 966 466 986 vero
485 966 584 994 parum
604 957 677 986 infra
693 965 793 987 costas
817 959 932 995 spurias
966 960 1121 995 prominet.
1162 962 1236 998 EJ'us
1255 963 1484 993 circumferentia
1499 966 1651 1001 respondet

140 1009 277 1045 superius
292 1008 519 1045 diaphragmati‚
540 1008 660 1038 inferius
683 1009 743 1038 reni
769 1015 797 1038 et
819 1010 955 1046 capsulae
977 1011 1065 1039 renali
1088 1011 1238 1048 sinistrae,
1271 1023 1287 1043 a
1301 1014 1456 1050 posteriori
1483 1023 1562 1051 parte
1580 1024 1650 1051 pan·

139 1060 248 1094 creati,
269 1066 297 1087 et
315 1065 477 1088 antrorsutn
502 1060 623 1089 thoraci.
664 1060 744 1089 Duas
768 1060 853 1088 habet
878 1060 1067 1096 superficies,
1089 1068 1230 1091 externam
1258 1072 1412 1093 convexam
1426 1085 1436 1100 ‚
1459 1071 1486 1094 et
1509 1067 1647 1096 internam

137 1118 293 1140 concavam
307 1131 317 1145 ‚
340 1110 368 1138 in
385 1111 455 1139 duas
482 1118 576 1147 partes
596 1111 738 1147 divisam,
760 1112 789 1140 in
811 1120 931 1148 quarum
953 1111 1047 1140 medio
1063 1113 1230 1143 convexitas
1254 1116 1344 1153 major
1362 1117 1460 1152 adest,
1484 1125 1556 1152 quae
1571 1118 1647 1146 hilus

138 1160 250 1191 lienalis
265 1162 370 1190 dicitur
383 1182 393 1197 ,
418 1169 502 1197 quam
517 1170 583 1191 vasa
597 1162 726 1198 intrant,
746 1170 774 1191 et
794 1163 849 1191 alia
867 1170 982 1192 exeunt.
1022 1161 1257 1200 Ligamentorum
1284 1175 1358 1203 ope,
1390 1175 1461 1203 quae
1486 1168 1650 1204 duplicatu-

137 1221 183 1242 rae
209 1219 278 1241 sunt
299 1212 438 1249 peritonei
454 1234 463 1249 ‚
482 1222 510 1243 et
536 1213 814 1250 phrenico-lienale,
838 1220 866 1242 et
893 1215 1130 1251 gastro-lienale,
1151 1217 1186 1246 ab
1207 1217 1324 1247 illorum
1349 1220 1471 1248 decursu
1493 1219 1649 1255 dicuntur,

137 1264 167 1292 in
185 1264 243 1292 situ
259 1272 314 1293 suo
333 1265 478 1294 retinetur.
517 1264 598 1293 Situs
618 1265 667 1294 ille
681 1273 773 1294 tamen
791 1273 999 1302 nonnunquam
1018 1267 1126 1296 variare
1145 1268 1329 1305 observatur,
1352 1269 1390 1298 ita
1408 1277 1440 1298 ut
1457 1278 1650 1300 memorentur

139 1323 246 1350 casus,
269 1315 319 1343 ubi
337 1316 392 1344 sub
408 1315 480 1344 linea
505 1315 590 1350 alba,
612 1317 642 1344 in
669 1316 860 1353 hypogastrio
873 1337 883 1352 ,
905 1317 934 1345 in
951 1326 1036 1346 sacco
1055 1318 1192 1347 hernioso
1218 1320 1330 1348 herniae
1349 1321 1524 1357 inguinalis,
1547 1322 1575 1351 in
1591 1324 1649 1359 pel-

135 1367 165 1395 vi
181 1365 304 1402 aliisque
318 1366 391 1395 locis
409 1366 511 1394 lienem
532 1366 733 1395 observarunt.
774 1366 838 1395 lmo
856 1374 883 1395 et
901 1368 991 1404 magis
1011 1374 1121 1404 praeter
1143 1371 1298 1399 naturalem
1318 1371 1404 1400 situm
1428 1373 1577 1401 nonnullis
1595 1374 1648 1402 ob-

137 1425 251 1445 servare
271 1417 415 1452 contigit,
437 1425 539 1452 nempe
556 1417 586 1445 in
602 1417 718 1445 thorace
733 1423 760 1445 et
776 1418 890 1446 inverso
909 1419 1038 1446 omnium
1060 1420 1201 1448 viscerum
1224 1421 1302 1456 situ,
1325 1421 1353 1449 in
1369 1422 1468 1450 dextro
1482 1423 1644 1452 abdominis

136 1467 231 1497 latere.
272 1466 384 1496 Unitur
403 1467 458 1495 lien
479 1475 531 1503 per
547 1475 614 1495 vasa
640 1475 692 1495 sua
713 1468 896 1502 ventriculo,
918 1469 993 1497 unde
1014 1469 1097 1498 valde
1121 1470 1255 1500 mobilem
1273 1461 1356 1500 liabet
1377 1472 1484 1509 situm,
1503 1482 1529 1503 et
1545 1475 1647 1505 exinde

139 1518 223 1548 facile
241 1518 403 1554 explicatur
415 1538 425 1552 ‚
447 1518 526 1553 quod
550 1523 661 1547 motum
677 1518 831 1547 ventriculi
849 1525 988 1554 sequatur
1002 1541 1012 1556 ,
1033 1529 1099 1549 cum
1118 1522 1200 1550 unice
1223 1522 1279 1550 fere
1295 1531 1360 1551 cum
1378 1523 1433 1552 hoc
1455 1525 1564 1555 viscere
1580 1528 1650 1564 J'un-

136 1576 237 1606 gatur3
259 1577 354 1605 neque
378 1568 459 1596 aliter
485 1568 546 1596 fieri
572 1575 690 1605 potest,
712 1570 806 1605 quin,
827 1571 925 1606 prouti
951 1579 1059 1600 vacuus
1084 1573 1130 1601 vel
1157 1574 1282 1609 repletus
1305 1581 1349 1603 est
1372 1575 1574 1612 ventriculus,
1595 1587 1649 1614 pro

135 1621 245 1649 diversa
265 1620 316 1648 hac
333 1619 503 1648 conditione
523 1619 579 1648 lien
603 1620 687 1648 etiam
710 1629 725 1649 e
746 1629 803 1649 suo
827 1621 885 1650 situ
909 1629 1068 1653 moveatur.
1109 1624 1253 1653 Praeterea
1268 1625 1355 1654 alium
1378 1627 1471 1656 adhuc
1489 1635 1516 1656 et
1533 1629 1647 1664 quidem

135 1678 326 1708 perpetuum,
348 1679 521 1707 quamquam
537 1672 625 1700 lenem
645 1679 674 1699 et
691 1666 866 1707 aequabilem
887 1680 994 1702 motum
1023 1675 1208 1712 diaphragma
1234 1676 1300 1704 lieni
1325 1677 1444 1708 inducit.
1484 1679 1648 1719 Diaphrag-

139 1723 206 1751 mati
220 1723 294 1751 enim
311 1723 506 1758 accumbens,
526 1722 560 1751 ab
579 1723 635 1751 hoc
657 1724 809 1760 muscum,
831 1725 974 1754 continuo
989 1725 1020 1755 in
1037 1727 1225 1763 respiratione
1249 1736 1363 1756 sursum
1382 1729 1574 1767 deorsumque
1590 1741 1650 1762 sno.

134 1780 189 1808 to,
211 1773 265 1801 lien
288 1774 431 1809 agitetur,
454 1782 571 1803 necesse
591 1780 647 1803 est.
684 1767 689 1771 ”

175 1824 347 1860 Plcrtmque
369 1825 472 1853 unicus
493 1832 536 1853 est
557 1825 636 1862 lien,
665 1826 840 1862 quandoque
863 1833 956 1857 tamen
972 1829 1131 1858 accessoria
1153 1829 1237 1859 habet
1257 1838 1397 1868 corpora,
1418 1831 1504 1862 lienes
1528 1842 1648 1864 succen-

138 1875 259 1911 turiati,
281 1874 356 1903 dicta
378 1876 460 1913 (a).

1606 1937 1650 1965 Fi-

167 1990 202 2018 (.
213 1993 225 2018 )
246 1991 277 2013 ει·
298 1990 328 2012 fi.
344 1989 478 2016 ramffsfm,
497 1989 558 2013 vib!-
572 1990 612 2013 m.
629 1990 690 2013 Med.
707 1992 735 2014 v.
748 1998 769 2014 2.
786 1999 810 2021 p.
818 1997 860 2020 2⁴⁵
