1946 2517
403 174 628 207 RESPONSIO
647 183 690 206 AD
710 173 1017 213 QUAESTIONEM
1038 175 1360 208 THEOLOGICAM.
1602 184 1631 211 rt

120 264 153 294 di
174 261 369 300 judaeorum,
396 260 473 296 apud
496 267 573 296 quos
609 259 813 298 Synedriorum
839 267 1002 288 assessores
1029 260 1129 313 nup?
1156 261 1352 295 vocabantur,
1380 260 1402 290 i.
1425 267 1452 288 e.
1480 261 1635 296 πρεσβύτε-

116 325 157 353 μι
177 314 256 352 (2).
304 313 349 342 De
376 312 476 341 iisdem
502 312 668 348 frequenter
697 311 824 340 adhibita
848 311 1005 347 appellatio
1033 311 1210 343 Ἐπισκόπων
1240 312 1370 340 desumta
1399 316 1442 339 est
1470 319 1485 338 a
1510 312 1635 340 muneris

120 365 248 400 ratione,
271 372 329 400 quo
352 363 559 400 fungebantur.
601 362 698 400 Hujus
719 369 837 398 quoque
861 368 994 398 respectu
1017 362 1089 391 alibi
1108 362 1243 392 dicuntur
1262 364 1421 394 διδάσκαλοι
1449 362 1544 392 1Cor.
1562 361 1631 391 x11:

118 417 178 452 28,
199 425 254 454 29,
283 416 405 452 ποιμένες
434 416 481 446 καὶ
513 416 673 446 διδάσκαλοι
700 413 783 449 Eph·
806 412 868 444 le
893 421 945 448 11,
974 414 1119 449 ἡγούμενοι
1149 414 1238 444 Hebr.
1267 415 1358 443 xm:
1382 422 1421 452 7,
1448 414 1635 450 maim-dmm

120 475 135 498 a
155 466 264 496 Thess.
285 467 331 496 V:
358 474 404 496 12.
442 465 579 495 Conferri
604 471 732 501 possunt
758 465 792 492 de
817 472 915 493 eorum
941 465 1081 494 electione
1104 467 1167 495 loca
1186 467 1255 495 Act.
1277 464 1364 495 le=
1389 473 1439 501 23·
1462 464 1522 494 Tit.
1540 463 1572 493 1:
1597 472 1636 500 5,

117 518 156 546 de
181 518 307 547 muneris
333 525 431 546 eorum
460 517 569 546 ratione
593 523 621 545 et
646 515 767 551 officiis,
788 523 840 551 ea,
869 524 944 552 quae
966 517 996 544 in
1020 523 1124 545 nostro
1151 517 1218 545 loco
1245 523 1430 552 sequuntur,
1453 522 1484 544 ut
1506 523 1534 544 et
1555 514 1637 544 Pauli

120 569 230 598 monita
254 569 356 599 1Tim*
380 568 439 597 111:
464 576 580 604 1—13.
608 570 669 597 IV:
691 567 814 603 7—16.
843 566 905 596 Tit.
927 569 958 596 1:
982 575 1084 605 5-9.
1115 568 1184 596 Act.
1203 568 1273 597 XX:
1290 569 1338 597 28.
1376 557 1527 596 Caeterum
1545 566 1636 594 varias

117 620 275 650 sententias
297 620 333 649 de
358 619 394 648 iis
420 625 636 656 proposuerunt
663 618 808 656 Vitringa
833 616 869 646 de
894 617 1006 655 Synag.
1029 619 1096 648 Vct.
1126 618 1235 655 passim
1263 618 1302 648 L.
1331 618 1370 648 11.
1401 618 1540 654 imprimis
1569 625 1635 654 pag.

119 680 179 710 474
197 669 281 708 seqq.
331 671 458 700 Venema
484 671 517 700 in
543 671 624 701 Hist.
655 670 764 699 Ecclcs.
795 669 834 698 T.
854 668 907 698 111.
936 677 1000 706 pag.
1024 677 1079 706 195
1097 678 1184 705 seqq.
1225 668 1264 707 J.
1290 667 1333 699 D.
1356 670 1512 699 Michaelis
1540 669 1638 698 Para-

113 723 246 762 phrasen
272 722 335 752 und
361 723 588 759 Anmerkungen
616 720 687 750 tiber
712 720 760 749 dic
795 720 897 757 Briefe
933 720 1025 749 Pauli
1052 727 1108 751 etc.
1140 730 1208 758 pag.
1230 722 1308 758 256,
1329 722 1393 758 '306
1419 729 1503 757 seqq⁵
1533 721 1588 752 Ed.
1610 729 1638 751 2.

115 772 159 812 J.
177 773 214 810 J.
236 773 360 811 Pfitffer
387 775 561 810 Anwcisung
582 772 643 810 fdr
669 771 815 809 Prodigcr
843 780 909 809 pag.
938 774 1077 810 35—36.
1126 773 1169 802 D.
1191 776 1229 809 J.
1250 774 1318 801 Pott
1346 773 1388 804 ad
1410 773 1484 810 Jac.
1510 773 1555 804 V:
1588 782 1635 810 14.

125 822 193 854 Nos
225 833 312 861 supra
337 825 395 862 jam
428 825 599 854 sententiam
633 831 759 853 nostram
792 825 983 859 exposuimus
1014 825 1045 854 in
1077 823 1195 855 Introd.
1225 832 1254 854 et
1283 824 1364 856 conf.
1391 833 1458 855 cum
1486 825 1528 854 ibi
1553 823 1639 854 dictis

118 874 232 905 Gabler
257 876 337 905 Diss.
357 878 409 906 cit.
429 883 458 905 et
479 876 613 904 Kainoel.
635 875 678 904 ad
702 875 768 906 Act.
793 875 866 904 XX:
889 877 924 904 28
946 877 963 913 <
975 879 1030 914 3).

159 931 237 964 Τοὺς
258 932 287 961 s'u
307 932 392 967 ὑμῖν,
419 929 484 958 scil.
506 932 608 965 ἄπας,
634 930 687 968 qui
713 935 782 958 sunt
805 931 887 958 inter
911 937 981 966 vos,
1006 928 1027 958 i.
1047 936 1074 958 e.
1108 929 1157 965 qui
1180 929 1257 965 apud
1282 937 1336 958 vos
1365 928 1518 959 constituti
1547 934 1638 962 sunt,

119 980 172 1018 qui
207 982 281 1010 inter
306 989 360 1010 vos
385 981 511 1018 degunt:
543 983 570 1011 ἐν
598 980 779 1016 praepositio
812 981 868 1010 hoc
897 989 984 1009 sensu
1015 980 1142 1009 occurrit
1178 989 1246 1009 cum
1277 981 1355 1016 apud
1381 981 1536 1017 scriptores
1569 981 1639 1009 bene

114 1034 270 1069 Graecos,
292 1041 318 1062 e.
339 1042 369 1071 g.
392 1031 536 1070 Euripia'.
558 1031 666 1060 Phoen.
691 1030 729 1061 V.
752 1040 763 1061 1
786 1033 814 1061 ἐν
834 1034 944 1069 &crpore
967 1033 1099 1068 οὐρανοῦ,
1120 1037 1182 1060 tum
1201 1032 1230 1060 in
1247 1030 1288 1060 N.
1305 1030 1365 1066 T.‚
1385 1038 1419 1060 ut
1439 1031 1470 1060 in
1492 1030 1550 1059 loci
1569 1039 1640 1060 nos·

118 1085 160 1125 tri
180 1090 319 1112 contextu
342 1091 371 1112 c.
392 1093 408 1112 2
422 1104 431 1118 ,
452 1083 527 1112 Luc.
547 1082 620 1111 VII:
646 1084 690 1112 16.
717 1082 836 1113 XX1V:
861 1092 910 1119 51.
935 1082 1022 1119 Joan.
1045 1082 1078 1111 1:
1105 1091 1152 1118 14.
1184 1091 1196 1112 1
1212 1082 1321 1111 Thess.
1343 1084 1391 1112 V:
1415 1091 1447 1112 12
1467 1082 1556 1118 alibi3
1577 1081 1639 1109 red.-

120 1134 200 1164 ditur
217 1134 301 1162 etiam
317 1133 357 1162 ita
372 1133 408 1161 ab
425 1133 627 1161 Alexandrinis
642 1133 851 1170 Interpretibus
870 1134 1047 1164 vocabulum
1069 1134 1169 1187 ἹἸΠ),
1190 1133 1278 1162 Levit
1308 1134 1419 1163 XXVI:
1442 1143 1489 1165 11.
1528 1130 1636 1171 (Conf.

117 1185 323 1215 Schlcusnerus
350 1184 381 1213 in
414 1184 522 1213 Lexico
551 1183 594 1212 ad
617 1193 710 1213 vocem
738 1184 795 1216 No.
822 1195 854 1223 13
866 1189 892 1223 ).
939 1186 1056 1223 Spectat
1081 1186 1173 1222 igitur
1203 1186 1281 1215 Petri
1308 1186 1401 1215 oratio
1432 1185 1637 1221 Presbyter-os,

118 1237 299 1266 constitutos
323 1236 400 1273 apud
426 1235 633 1271 christiam,
654 1238 690 1265 ad
718 1245 794 1273 quos
816 1238 970 1274 epistolam
999 1237 1145 1273 mitteret,
1164 1245 1275 1273 eosque
1297 1245 1420 1273 omnes,
1450 1236 1562 1266 nemine
1591 1243 1638 1264 ex·

116 1294 214 1324 cepto.

121 1378 124 1381 v
158 1341 347 1376 Παρακαλῶ,
365 1344 399 1367 ut
426 1338 542 1374 saepius
568 1338 657 1374 alibi,
686 1339 714 1368 in
738 1339 781 1369 N.
801 1339 841 1370 T.
863 1340 969 1376 libris,
998 1341 1038 1369 ita
1063 1341 1096 1371 h.
1120 1341 1143 1370 1.
1167 1340 1302 1370 denotat:
1336 1340 1459 1375 hortor,
1481 1339 1638 1368 admoneo:

118 1387 168 1419 hic
197 1389 308 1425 quidem
335 1396 400 1417 cum
420 1388 552 1425 emphasi
578 1390 739 1426 scriptum,
764 1398 796 1420 ut
821 1391 931 1420 factum
962 1399 1005 1419 est
1029 1391 1112 1420 etiam
1133 1392 1222 1421 Rom.
1246 1391 1320 1421 x11:
1345 1400 1373 1422 1.
1403 1400 1417 1422 ι
1435 1392 1507 1421 Cor.
1530 1391 1566 1422 1:
1589 1399 1636 1420 ιο.

119 1432 182 1478 iv:
207 1441 240 1470 16
262 1442 348 1479 (4),
371 1449 457 1477 quare
478 1440 674 1471 reddidimus:
695 1452 783 1480 quam
804 1445 931 1472 maxime
959 1443 1072 1472 hortor.

123 1489 126 1491 ’
159 1492 242 1531 Quae
264 1497 450 1528 sequuntur,
476 1492 576 1521 Petrus
601 1492 663 1521 sine
687 1494 777 1522 dubio
803 1503 834 1523 ea
860 1495 895 1523 de
925 1501 1011 1523 causa
1035 1493 1166 1529 addidit,
1196 1500 1229 1522 ut
1257 1493 1390 1530 maiorem
1416 1493 1472 1522 vim
1494 1496 1523 1520 et
1545 1489 1639 1520 effica-

121 1543 195 1573 ciam
222 1542 385 1580 propositis
413 1542 574 1579 praeceptis
599 1542 776 1580 adjungeret.
823 1547 860 1575 'o
887 1546 1143 1582 συμπρεσβύτερος,
1175 1553 1228 1581 pro
1257 1546 1310 1580 ἐγὼ
1336 1546 1349 1576 ὃ
1374 1544 1636 1582 συμπρεσβύτερσς,

122 1595 204 1631 quod
240 1601 399 1631 pronomen
430 1593 477 1622 hie
511 1593 693 1623 subauditur.
749 1596 901 1626 Articulus
925 1599 939 1628 ὅ
968 1598 1013 1626 hic
1050 1603 1207 1634 usurpatur
1237 1594 1382 1624 indefinite
1400 1614 1410 1629 ‚
1440 1602 1472 1624 ut
1504 1602 1531 1625 et
1560 1597 1636 1626 Luc.

122 1644 210 1675 vu1=
231 1654 251 1683 5
278 1647 292 1676 ὁ
312 1647 448 1683 σπείρων,
477 1650 578 1682 posset
603 1645 694 1683 igitur
723 1647 804 1676 reddi
827 1656 925 1678 nostra
947 1648 1092 1678 formula:
1120 1655 1193 1675 unus
1213 1654 1248 1675 cx
1268 1646 1382 1683 collegis
1401 1649 1520 1678 vestris.
1559 1647 1639 1685 Quid

1581 1699 1642 1735 sig.

158 1783 222 1819 (2)
245 1783 306 1810 Hoc
330 1782 430 1817 quidem
454 1784 553 1810 nemine
583 1784 747 1817 insigniuntur
771 1786 796 1811 in
817 1786 886 1812 libris
909 1787 944 1814 N.
970 1786 1002 1815 T.
1030 1794 1088 1813 curn
1111 1787 1186 1819 alibi,
1214 1793 1267 1813 tum
1287 1787 1349 1814 Act.
1371 1786 1422 1812 lv=
1440 1787 1465 1813 8.
1488 1786 1593 1822 XXIV:
1613 1793 1636 1815 ι.

121 1831 206 1858 cons.
224 1830 252 1856 C.
268 1830 406 1862 Vr'tringa,
424 1831 453 1856 de
471 1831 566 1864 Synag.
583 1831 639 1858 Vet.
658 1839 684 1864 p.
701 1838 759 1864 595.

154 1875 216 1911 (3)
235 1876 438 1902 Additameutum
460 1876 502 1904 οὖν
519 1884 576 1903 ante
591 1878 667 1903 verba
683 1879 828 1911 sequentia,
848 1879 918 1912 quod
937 1887 950 1905 a
965 1879 1125 1907 Grieshachto
1144 1881 1169 1905 in
1188 1879 1261 1906 Edit.
1279 1879 1316 1906 N.
1332 1880 1357 1907 T.
1375 1886 1537 1911 recensetur,
1556 1886 1637 1906 ortum

126 1922 188 1962 rnihi
209 1928 262 1947 esse
281 1921 381 1947 videtur
398 1930 429 1946 ex
451 1924 611 1950 librariorum
631 1925 768 1958 Imperitia,
788 1927 832 1958 qui
850 1926 901 1952 hoc
918 1926 996 1952 modo
1015 1928 1091 1952 nexui
1113 1928 1163 1952 ioci
1183 1927 1315 1952 consulere
1332 1927 1478 1953 voluerunt.

162 1970 224 2002 (4)
244 1969 282 1994 De
295 1974 342 1992 usu
354 1967 515 2000 Emphasium
527 1988 535 2000 ‚
553 1969 577 1994 in
593 1969 807 1997 admonitionibus
818 1962 1053 2010 ,leastigationibus
1074 1980 1125 2000 etc.
1143 1974 1262 2006 imprimis
1275 1973 1427 2005 conspicuo,
1444 1970 1515 1997 conf.
1532 1971 1636 1998 Ammon

129 2012 161 2041 M
179 2015 280 2041 Ernest.
298 2013 385 2040 instit.
403 2014 500 2048 Ιητενρ.
520 2015 556 2042 Ν,
573 2016 600 2043 Τ.
623 2016 693 2044 Stet.
709 2018 745 2045 11.
765 2019 831 2052 Cap.
846 2020 878 2047 V.
897 2019 922 2052 §.
933 2025 961 2052 5·

921 2065 984 2095 Ba
