<?xml version="1.0" encoding="UTF-8"?>
<!DOCTYPE html PUBLIC "-//W3C//DTD XHTML 1.0 Transitional//EN"
    "http://www.w3.org/TR/xhtml1/DTD/xhtml1-transitional.dtd">
<html xmlns="http://www.w3.org/1999/xhtml" xml:lang="en" lang="en">
 <head>
  <title>
</title>
<meta http-equiv="Content-Type" content="text/html;charset=utf-8" />
  <meta name='ocr-system' content='tesseract 3.04.00' />
  <meta name='ocr-capabilities' content='ocr_page ocr_carea ocr_par ocr_line ocrx_word'/>
</head>
<body>
  <div class='ocr_page' id='page_1' title='image "annalesacademiae21rijk_0375.png"; bbox 0 0 1946 2517; ppageno 0'>
   <div class='ocr_carea' id='block_1_1' title="bbox 354 155 1644 195">
    <p class='ocr_par' dir='ltr' id='par_1_1' title="bbox 354 155 1644 195">
     <span class='ocr_line' id='line_1_1' title="bbox 354 155 1644 195; baseline 0.002 -9"><span class='ocrx_word' id='word_1_1' title='bbox 354 156 668 188; x_wconf 88' lang='lat' dir='ltr'>COMMENTATIO</span> <span class='ocrx_word' id='word_1_2' title='bbox 688 165 732 188; x_wconf 75' lang='grc' dir='ltr'>ΑΒ</span> <span class='ocrx_word' id='word_1_3' title='bbox 753 155 1054 195; x_wconf 85' lang='lat' dir='ltr'><strong>QUAESTIONEM</strong></span> <span class='ocrx_word' id='word_1_4' title='bbox 1073 157 1413 190; x_wconf 73' lang='lat' dir='ltr'>PHILOSOPHICAM.</span> <span class='ocrx_word' id='word_1_5' title='bbox 1606 166 1644 195; x_wconf 87' lang='lat'>59</span> 
     </span>
    </p>
   </div>
   <div class='ocr_carea' id='block_1_2' title="bbox 661 291 1114 306">
    <p class='ocr_par' dir='ltr' id='par_1_2' title="bbox 661 291 1114 306">
     <span class='ocr_line' id='line_1_2' title="bbox 661 291 1114 306; baseline 0 2211"><span class='ocrx_word' id='word_1_6' title='bbox 661 291 1114 306; x_wconf 95' lang='lat' dir='ltr'> </span> 
     </span>
    </p>
   </div>
   <div class='ocr_carea' id='block_1_3' title="bbox 453 411 1332 462">
    <p class='ocr_par' dir='ltr' id='par_1_3' title="bbox 453 411 1332 462">
     <span class='ocr_line' id='line_1_3' title="bbox 453 411 1332 462; baseline 0.001 -10"><span class='ocrx_word' id='word_1_7' title='bbox 453 411 735 452; x_wconf 85' lang='lat' dir='ltr'><strong>PARS</strong></span> <span class='ocrx_word' id='word_1_8' title='bbox 850 411 1332 462; x_wconf 83' lang='lat' dir='ltr'><strong>QUARTA.</strong></span> 
     </span>
    </p>
   </div>
   <div class='ocr_carea' id='block_1_4' title="bbox 194 516 1582 594">
    <p class='ocr_par' dir='ltr' id='par_1_4' title="bbox 194 516 1582 594">
     <span class='ocr_line' id='line_1_4' title="bbox 194 516 1582 548; baseline 0 -11"><span class='ocrx_word' id='word_1_9' title='bbox 194 516 424 540; x_wconf 62' lang='lat' dir='ltr'>EXPOSITIO</span> <span class='ocrx_word' id='word_1_10' title='bbox 451 518 501 538; x_wconf 79' lang='lat' dir='ltr'>ET</span> <span class='ocrx_word' id='word_1_11' title='bbox 529 517 814 548; x_wconf 82' lang='lat' dir='ltr'>DIJUDICATIO</span> <span class='ocrx_word' id='word_1_12' title='bbox 845 517 1081 542; x_wconf 78' lang='lat' dir='ltr'>DOGMATUM</span> <span class='ocrx_word' id='word_1_13' title='bbox 1109 519 1257 541; x_wconf 75' lang='lat' dir='ltr'>KANTII</span> <span class='ocrx_word' id='word_1_14' title='bbox 1287 519 1338 541; x_wconf 66' lang='lat' dir='ltr'>DE</span> <span class='ocrx_word' id='word_1_15' title='bbox 1368 516 1582 547; x_wconf 79' lang='lat' dir='ltr'><strong>CONJUNc·</strong></span> 
     </span>
     <span class='ocr_line' id='line_1_5' title="bbox 505 569 1280 594; baseline 0.001 -4"><span class='ocrx_word' id='word_1_16' title='bbox 505 569 633 591; x_wconf 80' lang='lat' dir='ltr'><strong>TIONE</strong></span> <span class='ocrx_word' id='word_1_17' title='bbox 666 569 869 591; x_wconf 80' lang='lat' dir='ltr'>VIRTUTls</span> <span class='ocrx_word' id='word_1_18' title='bbox 898 570 950 591; x_wconf 82' lang='grc' dir='ltr'>ΕΤ</span> <span class='ocrx_word' id='word_1_19' title='bbox 982 571 1280 594; x_wconf 71' lang='lat' dir='ltr'>FELtCITATls.</span> 
     </span>
    </p>
   </div>
   <div class='ocr_carea' id='block_1_5' title="bbox 835 676 948 685">
    <p class='ocr_par' dir='ltr' id='par_1_5' title="bbox 835 676 948 685">
     <span class='ocr_line' id='line_1_6' title="bbox 835 676 948 685; baseline 0 0"><span class='ocrx_word' id='word_1_20' title='bbox 835 676 948 685; x_wconf 71' lang='lat'><em>--.-</em></span> 
     </span>
    </p>
   </div>
   <div class='ocr_carea' id='block_1_6' title="bbox 475 757 1307 793">
    <p class='ocr_par' dir='ltr' id='par_1_6' title="bbox 475 757 1307 793">
     <span class='ocr_line' id='line_1_7' title="bbox 475 757 1307 793; baseline -0.002 -1"><span class='ocrx_word' id='word_1_21' title='bbox 475 758 801 793; x_wconf 90' lang='lat' dir='ltr'>CAPUT</span> <span class='ocrx_word' id='word_1_22' title='bbox 889 757 1307 791; x_wconf 86' lang='lat' dir='ltr'><strong>PRIMUM.</strong></span> 
     </span>
    </p>
   </div>
   <div class='ocr_carea' id='block_1_7' title="bbox 341 850 1447 928">
    <p class='ocr_par' dir='ltr' id='par_1_7' title="bbox 341 850 1447 928">
     <span class='ocr_line' id='line_1_8' title="bbox 341 850 1447 883; baseline -0.004 -8"><span class='ocrx_word' id='word_1_23' title='bbox 341 853 566 876; x_wconf 78' lang='lat' dir='ltr'>EXPOSITIO</span> <span class='ocrx_word' id='word_1_24' title='bbox 597 856 833 877; x_wconf 82' lang='lat' dir='ltr'>DOGMATUM</span> <span class='ocrx_word' id='word_1_25' title='bbox 862 854 1009 877; x_wconf 79' lang='lat' dir='ltr'>KANTII</span> <span class='ocrx_word' id='word_1_26' title='bbox 1038 854 1088 874; x_wconf 86' lang='lat' dir='ltr'>DE</span> <span class='ocrx_word' id='word_1_27' title='bbox 1117 850 1447 883; x_wconf 80' lang='lat' dir='ltr'><strong>CONJUNCTIONE</strong></span> 
     </span>
     <span class='ocr_line' id='line_1_9' title="bbox 588 905 1202 928; baseline -0.003 0"><span class='ocrx_word' id='word_1_28' title='bbox 588 907 797 928; x_wconf 84' lang='lat' dir='ltr'>VIRTUTIS</span> <span class='ocrx_word' id='word_1_29' title='bbox 827 908 879 928; x_wconf 83' lang='lat' dir='ltr'>ET</span> <span class='ocrx_word' id='word_1_30' title='bbox 910 905 1202 927; x_wconf 74' lang='lat' dir='ltr'>FELICITATIS.</span> 
     </span>
    </p>
   </div>
   <div class='ocr_carea' id='block_1_8' title="bbox 130 992 1661 1675">
    <p class='ocr_par' dir='ltr' id='par_1_8' title="bbox 130 992 1655 1370">
     <span class='ocr_line' id='line_1_10' title="bbox 130 992 1652 1064; baseline -0.001 -10"><span class='ocrx_word' id='word_1_31' title='bbox 130 992 299 1057; x_wconf 78' lang='lat' dir='ltr'>Tandem</span> <span class='ocrx_word' id='word_1_32' title='bbox 326 1026 508 1062; x_wconf 77' lang='lat' dir='ltr'>pervenimus</span> <span class='ocrx_word' id='word_1_33' title='bbox 532 1027 566 1056; x_wconf 87' lang='lat' dir='ltr'>ad</span> <span class='ocrx_word' id='word_1_34' title='bbox 593 1028 743 1058; x_wconf 78' lang='lat' dir='ltr'>Kantium.</span> <span class='ocrx_word' id='word_1_35' title='bbox 791 1027 839 1056; x_wconf 93' lang='lat' dir='ltr'>Ne</span> <span class='ocrx_word' id='word_1_36' title='bbox 858 1027 924 1064; x_wconf 79' lang='lat' dir='ltr'>quis</span> <span class='ocrx_word' id='word_1_37' title='bbox 952 1031 1035 1062; x_wconf 84' lang='lat' dir='ltr'>putet</span> <span class='ocrx_word' id='word_1_38' title='bbox 1061 1026 1140 1055; x_wconf 89' lang='lat' dir='ltr'>illius</span> <span class='ocrx_word' id='word_1_39' title='bbox 1167 1030 1311 1061; x_wconf 81' lang='lat' dir='ltr'>systema,</span> <span class='ocrx_word' id='word_1_40' title='bbox 1341 1027 1374 1051; x_wconf 86' lang='lat' dir='ltr'>ut</span> <span class='ocrx_word' id='word_1_41' title='bbox 1404 1028 1495 1050; x_wconf 84' lang='lat' dir='ltr'>unum</span> <span class='ocrx_word' id='word_1_42' title='bbox 1521 1019 1556 1048; x_wconf 79' lang='lat' dir='ltr'>de</span> <span class='ocrx_word' id='word_1_43' title='bbox 1581 1020 1652 1047; x_wconf 54' lang='lat' dir='ltr'>mm*</span> 
     </span>
     <span class='ocr_line' id='line_1_11' title="bbox 133 1070 1648 1114; baseline -0.005 -9"><span class='ocrx_word' id='word_1_44' title='bbox 133 1076 177 1105; x_wconf 74' lang='lat' dir='ltr'>tis</span> <span class='ocrx_word' id='word_1_45' title='bbox 202 1076 309 1112; x_wconf 79' lang='lat' dir='ltr'>exponi</span> <span class='ocrx_word' id='word_1_46' title='bbox 329 1083 357 1104; x_wconf 88' lang='lat' dir='ltr'>et</span> <span class='ocrx_word' id='word_1_47' title='bbox 381 1077 530 1114; x_wconf 82' lang='lat' dir='ltr'>dijudicari</span> <span class='ocrx_word' id='word_1_48' title='bbox 550 1086 649 1114; x_wconf 82' lang='lat' dir='ltr'>posse.</span> <span class='ocrx_word' id='word_1_49' title='bbox 697 1080 767 1108; x_wconf 82' lang='lat' dir='ltr'>Non</span> <span class='ocrx_word' id='word_1_50' title='bbox 796 1079 855 1107; x_wconf 78' lang='lat' dir='ltr'>nisi</span> <span class='ocrx_word' id='word_1_51' title='bbox 874 1078 1047 1106; x_wconf 80' lang='lat' dir='ltr'>haesitantes</span> <span class='ocrx_word' id='word_1_52' title='bbox 1064 1082 1094 1105; x_wconf 90' lang='lat' dir='ltr'>et</span> <span class='ocrx_word' id='word_1_53' title='bbox 1116 1075 1257 1105; x_wconf 85' lang='lat' dir='ltr'>commoti</span> <span class='ocrx_word' id='word_1_54' title='bbox 1280 1075 1311 1103; x_wconf 88' lang='lat' dir='ltr'>in</span> <span class='ocrx_word' id='word_1_55' title='bbox 1336 1073 1433 1102; x_wconf 78' lang='lat' dir='ltr'>limine</span> <span class='ocrx_word' id='word_1_56' title='bbox 1459 1070 1648 1100; x_wconf 82' lang='lat' dir='ltr'>subsistimus</span> 
     </span>
     <span class='ocr_line' id='line_1_12' title="bbox 136 1121 1654 1166; baseline -0.006 -9"><span class='ocrx_word' id='word_1_57' title='bbox 136 1128 258 1163; x_wconf 79' lang='lat' dir='ltr'>templi,</span> <span class='ocrx_word' id='word_1_58' title='bbox 282 1127 363 1164; x_wconf 84' lang='lat' dir='ltr'>quod</span> <span class='ocrx_word' id='word_1_59' title='bbox 387 1127 511 1158; x_wconf 79' lang='lat' dir='ltr'>Kantius</span> <span class='ocrx_word' id='word_1_60' title='bbox 537 1130 699 1166; x_wconf 83' lang='lat' dir='ltr'><strong>exstruxit,</strong></span> <span class='ocrx_word' id='word_1_61' title='bbox 728 1138 794 1160; x_wconf 87' lang='lat' dir='ltr'>cum</span> <span class='ocrx_word' id='word_1_62' title='bbox 823 1136 966 1166; x_wconf 71' lang='lat' dir='ltr'>praeterea</span> <span class='ocrx_word' id='word_1_63' title='bbox 996 1129 1125 1157; x_wconf 86' lang='lat' dir='ltr'>otiosum</span> <span class='ocrx_word' id='word_1_64' title='bbox 1148 1134 1177 1156; x_wconf 86' lang='lat' dir='ltr'>et</span> <span class='ocrx_word' id='word_1_65' title='bbox 1206 1132 1448 1163; x_wconf 87' lang='lat' dir='ltr'>supervacaneum</span> <span class='ocrx_word' id='word_1_66' title='bbox 1474 1123 1514 1152; x_wconf 87' lang='lat' dir='ltr'>sit</span> <span class='ocrx_word' id='word_1_67' title='bbox 1541 1122 1574 1150; x_wconf 92' lang='lat' dir='ltr'>de</span> <span class='ocrx_word' id='word_1_68' title='bbox 1599 1121 1654 1148; x_wconf 88' lang='lat' dir='ltr'>hoc</span> 
     </span>
     <span class='ocr_line' id='line_1_13' title="bbox 138 1173 1652 1218; baseline -0.005 -11"><span class='ocrx_word' id='word_1_69' title='bbox 138 1186 255 1208; x_wconf 68' lang='lat' dir='ltr'>monem</span> <span class='ocrx_word' id='word_1_70' title='bbox 278 1187 332 1208; x_wconf 82' lang='lat' dir='ltr'>nos</span> <span class='ocrx_word' id='word_1_71' title='bbox 357 1179 453 1208; x_wconf 89' lang='lat' dir='ltr'>Kantii</span> <span class='ocrx_word' id='word_1_72' title='bbox 478 1180 700 1217; x_wconf 86' lang='lat' dir='ltr'>magnitudinem</span> <span class='ocrx_word' id='word_1_73' title='bbox 727 1183 844 1211; x_wconf 85' lang='lat' dir='ltr'>minime</span> <span class='ocrx_word' id='word_1_74' title='bbox 874 1186 1052 1218; x_wconf 82' lang='lat' dir='ltr'>perspectam</span> <span class='ocrx_word' id='word_1_75' title='bbox 1084 1180 1197 1209; x_wconf 83' lang='lat' dir='ltr'>habere.</span> <span class='ocrx_word' id='word_1_76' title='bbox 1236 1176 1352 1207; x_wconf 77' lang='lat' dir='ltr'>Gratias</span> <span class='ocrx_word' id='word_1_77' title='bbox 1381 1181 1491 1205; x_wconf 86' lang='lat' dir='ltr'>tantum</span> <span class='ocrx_word' id='word_1_78' title='bbox 1516 1173 1652 1202; x_wconf 82' lang='lat' dir='ltr'>habemus</span> 
     </span>
     <span class='ocr_line' id='line_1_14' title="bbox 135 1222 1655 1269; baseline -0.007 -9"><span class='ocrx_word' id='word_1_79' title='bbox 135 1230 209 1260; x_wconf 79' lang='lat' dir='ltr'>viris</span> <span class='ocrx_word' id='word_1_80' title='bbox 239 1230 319 1266; x_wconf 85' lang='lat' dir='ltr'>illis,</span> <span class='ocrx_word' id='word_1_81' title='bbox 349 1231 398 1267; x_wconf 89' lang='lat' dir='ltr'>qui</span> <span class='ocrx_word' id='word_1_82' title='bbox 425 1231 455 1260; x_wconf 87' lang='lat' dir='ltr'>in</span> <span class='ocrx_word' id='word_1_83' title='bbox 481 1232 531 1260; x_wconf 83' lang='lat' dir='ltr'>bac</span> <span class='ocrx_word' id='word_1_84' title='bbox 567 1233 736 1268; x_wconf 82' lang='lat' dir='ltr'>quaestione</span> <span class='ocrx_word' id='word_1_85' title='bbox 771 1232 977 1269; x_wconf 83' lang='lat' dir='ltr'>proponenda,</span> <span class='ocrx_word' id='word_1_86' title='bbox 1007 1232 1189 1260; x_wconf 87' lang='lat' dir='ltr'>occasionem</span> <span class='ocrx_word' id='word_1_87' title='bbox 1218 1228 1304 1258; x_wconf 80' lang='lat' dir='ltr'>nobis</span> <span class='ocrx_word' id='word_1_88' title='bbox 1342 1227 1533 1263; x_wconf 83' lang='lat' dir='ltr'>praebuerunt</span> <span class='ocrx_word' id='word_1_89' title='bbox 1559 1222 1655 1252; x_wconf 82' lang='lat' dir='ltr'>Kantii</span> 
     </span>
     <span class='ocr_line' id='line_1_15' title="bbox 134 1273 1654 1319; baseline -0.001 -10"><span class='ocrx_word' id='word_1_90' title='bbox 134 1277 363 1319; x_wconf 66' lang='lat' dir='ltr'>philosophiae,</span> <span class='ocrx_word' id='word_1_91' title='bbox 390 1281 546 1318; x_wconf 83' lang='lat' dir='ltr'>Kantiique</span> <span class='ocrx_word' id='word_1_92' title='bbox 576 1283 766 1313; x_wconf 81' lang='lat' dir='ltr'>sublimitatis</span> <span class='ocrx_word' id='word_1_93' title='bbox 790 1284 973 1319; x_wconf 79' lang='lat' dir='ltr'>aliquantum</span> <span class='ocrx_word' id='word_1_94' title='bbox 996 1282 1155 1318; x_wconf 84' lang='lat' dir='ltr'>suspicere.</span> <span class='ocrx_word' id='word_1_95' title='bbox 1203 1279 1364 1309; x_wconf 79' lang='lat' dir='ltr'>Tentemus</span> <span class='ocrx_word' id='word_1_96' title='bbox 1396 1277 1486 1314; x_wconf 79' lang='lat' dir='ltr'>igitur</span> <span class='ocrx_word' id='word_1_97' title='bbox 1518 1273 1654 1308; x_wconf 66' lang='lat' dir='ltr'>Kantiaui</span> 
     </span>
     <span class='ocr_line' id='line_1_16' title="bbox 130 1328 1653 1370; baseline -0.007 -7"><span class='ocrx_word' id='word_1_98' title='bbox 130 1334 257 1370; x_wconf 56' lang='lat' dir='ltr'>(mpii,</span> <span class='ocrx_word' id='word_1_99' title='bbox 287 1341 346 1362; x_wconf 89' lang='lat' dir='ltr'>non</span> <span class='ocrx_word' id='word_1_100' title='bbox 370 1334 464 1362; x_wconf 87' lang='lat' dir='ltr'>omnia</span> <span class='ocrx_word' id='word_1_101' title='bbox 488 1342 588 1369; x_wconf 88' lang='lat' dir='ltr'>sacra,</span> <span class='ocrx_word' id='word_1_102' title='bbox 618 1335 668 1363; x_wconf 88' lang='lat' dir='ltr'>sed</span> <span class='ocrx_word' id='word_1_103' title='bbox 689 1343 721 1363; x_wconf 90' lang='lat' dir='ltr'>ea</span> <span class='ocrx_word' id='word_1_104' title='bbox 748 1334 948 1363; x_wconf 89' lang='lat' dir='ltr'>tantummodo</span> <span class='ocrx_word' id='word_1_105' title='bbox 973 1333 1130 1362; x_wconf 86' lang='lat' dir='ltr'>verecunde</span> <span class='ocrx_word' id='word_1_106' title='bbox 1148 1337 1177 1360; x_wconf 85' lang='lat' dir='ltr'>et</span> <span class='ocrx_word' id='word_1_107' title='bbox 1202 1330 1384 1360; x_wconf 83' lang='lat' dir='ltr'>considerate</span> <span class='ocrx_word' id='word_1_108' title='bbox 1407 1328 1555 1363; x_wconf 85' lang='lat' dir='ltr'>aspicere,</span> <span class='ocrx_word' id='word_1_109' title='bbox 1580 1331 1653 1361; x_wconf 85' lang='lat' dir='ltr'>quae</span> 
     </span>
    </p>

    <p class='ocr_par' dir='ltr' id='par_1_9' title="bbox 135 1384 1661 1675">
     <span class='ocr_line' id='line_1_17' title="bbox 139 1384 901 1421; baseline 0.003 -8"><span class='ocrx_word' id='word_1_110' title='bbox 139 1385 176 1414; x_wconf 83' lang='lat' dir='ltr'>ad</span> <span class='ocrx_word' id='word_1_111' title='bbox 198 1391 330 1414; x_wconf 85' lang='lat' dir='ltr'>nostrum</span> <span class='ocrx_word' id='word_1_112' title='bbox 352 1384 538 1421; x_wconf 85' lang='lat' dir='ltr'>propositum</span> <span class='ocrx_word' id='word_1_113' title='bbox 563 1385 702 1420; x_wconf 88' lang='lat' dir='ltr'>pertinere</span> <span class='ocrx_word' id='word_1_114' title='bbox 721 1386 901 1416; x_wconf 87' lang='lat' dir='ltr'>arbitramur.</span> 
     </span>
     <span class='ocr_line' id='line_1_18' title="bbox 179 1424 1655 1472; baseline -0.005 -8"><span class='ocrx_word' id='word_1_115' title='bbox 179 1435 360 1472; x_wconf 80' lang='lat' dir='ltr'>systemata,</span> <span class='ocrx_word' id='word_1_116' title='bbox 387 1436 496 1471; x_wconf 83' lang='lat' dir='ltr'>quibus</span> <span class='ocrx_word' id='word_1_117' title='bbox 521 1436 613 1464; x_wconf 85' lang='lat' dir='ltr'>adhuc</span> <span class='ocrx_word' id='word_1_118' title='bbox 633 1437 764 1465; x_wconf 79' lang='lat' dir='ltr'>&#39;laborem</span> <span class='ocrx_word' id='word_1_119' title='bbox 795 1436 1007 1472; x_wconf 81' lang='lat' dir='ltr'>impendimus,</span> <span class='ocrx_word' id='word_1_120' title='bbox 1037 1432 1225 1470; x_wconf 85' lang='lat' dir='ltr'>quantumvis</span> <span class='ocrx_word' id='word_1_121' title='bbox 1251 1432 1326 1461; x_wconf 87' lang='lat' dir='ltr'>inter</span> <span class='ocrx_word' id='word_1_122' title='bbox 1351 1439 1383 1460; x_wconf 89' lang='lat' dir='ltr'>se</span> <span class='ocrx_word' id='word_1_123' title='bbox 1409 1424 1540 1465; x_wconf 83' lang='lat' dir='ltr'>diversa,</span> <span class='ocrx_word' id='word_1_124' title='bbox 1561 1434 1655 1456; x_wconf 86' lang='lat' dir='ltr'>tamen</span> 
     </span>
     <span class='ocr_line' id='line_1_19' title="bbox 137 1479 1657 1525; baseline -0.005 -10"><span class='ocrx_word' id='word_1_125' title='bbox 137 1486 172 1516; x_wconf 80' lang='lat' dir='ltr'>in</span> <span class='ocrx_word' id='word_1_126' title='bbox 194 1494 228 1515; x_wconf 86' lang='lat' dir='ltr'>eo</span> <span class='ocrx_word' id='word_1_127' title='bbox 251 1485 356 1515; x_wconf 73' lang='lat' dir='ltr'>similia</span> <span class='ocrx_word' id='word_1_128' title='bbox 376 1492 455 1514; x_wconf 84' lang='lat' dir='ltr'>erant</span> <span class='ocrx_word' id='word_1_129' title='bbox 473 1486 554 1522; x_wconf 86' lang='lat' dir='ltr'>quod</span> <span class='ocrx_word' id='word_1_130' title='bbox 579 1493 685 1515; x_wconf 77' lang='lat' dir='ltr'>arctam</span> <span class='ocrx_word' id='word_1_131' title='bbox 707 1487 944 1525; x_wconf 79' lang='lat' dir='ltr'>conjunctionem</span> <span class='ocrx_word' id='word_1_132' title='bbox 964 1487 1038 1515; x_wconf 86' lang='lat' dir='ltr'>inter</span> <span class='ocrx_word' id='word_1_133' title='bbox 1053 1485 1197 1514; x_wconf 87' lang='lat' dir='ltr'>Virtutem</span> <span class='ocrx_word' id='word_1_134' title='bbox 1224 1491 1251 1513; x_wconf 88' lang='lat' dir='ltr'>et</span> <span class='ocrx_word' id='word_1_135' title='bbox 1275 1484 1451 1513; x_wconf 83' lang='lat' dir='ltr'>Feiicitatem</span> <span class='ocrx_word' id='word_1_136' title='bbox 1479 1479 1657 1510; x_wconf 84' lang='lat' dir='ltr'>statuebant.</span> 
     </span>
     <span class='ocr_line' id='line_1_20' title="bbox 141 1529 1661 1579; baseline -0.006 -12"><span class='ocrx_word' id='word_1_137' title='bbox 141 1539 263 1568; x_wconf 86' lang='lat' dir='ltr'>Kantius</span> <span class='ocrx_word' id='word_1_138' title='bbox 288 1545 382 1567; x_wconf 86' lang='lat' dir='ltr'>autem</span> <span class='ocrx_word' id='word_1_139' title='bbox 412 1538 555 1567; x_wconf 88' lang='lat' dir='ltr'>Virtutem</span> <span class='ocrx_word' id='word_1_140' title='bbox 581 1539 699 1567; x_wconf 87' lang='lat' dir='ltr'>omnino</span> <span class='ocrx_word' id='word_1_141' title='bbox 727 1547 742 1567; x_wconf 85' lang='lat' dir='ltr'>a</span> <span class='ocrx_word' id='word_1_142' title='bbox 769 1538 918 1567; x_wconf 84' lang='lat' dir='ltr'>Felicitate</span> <span class='ocrx_word' id='word_1_143' title='bbox 947 1537 1130 1574; x_wconf 83' lang='lat' dir='ltr'>separandam</span> <span class='ocrx_word' id='word_1_144' title='bbox 1159 1536 1286 1565; x_wconf 85' lang='lat' dir='ltr'>censuit.</span> <span class='ocrx_word' id='word_1_145' title='bbox 1331 1555 1350 1572; x_wconf 88' lang='lat'>„</span> <span class='ocrx_word' id='word_1_146' title='bbox 1367 1533 1529 1579; x_wconf 15' lang='lat' dir='ltr'>Distinctiol</span> <span class='ocrx_word' id='word_1_147' title='bbox 1552 1529 1661 1559; x_wconf 86' lang='lat' dir='ltr'>doctri-</span> 
     </span>
     <span class='ocr_line' id='line_1_21' title="bbox 135 1581 1660 1629; baseline -0.008 -8"><span class='ocrx_word' id='word_1_148' title='bbox 135 1586 196 1622; x_wconf 55' lang='lat' dir='ltr'>&#39;nae</span> <span class='ocrx_word' id='word_1_149' title='bbox 212 1591 376 1629; x_wconf 78' lang='lat' dir='ltr'>felicitatis</span> <span class='ocrx_word' id='word_1_150' title='bbox 396 1596 430 1628; x_wconf 35' lang='lat' dir='ltr'>etl</span> <span class='ocrx_word' id='word_1_151' title='bbox 448 1589 596 1619; x_wconf 85' lang='lat' dir='ltr'>doctrinae</span> <span class='ocrx_word' id='word_1_152' title='bbox 620 1599 752 1627; x_wconf 85' lang='lat' dir='ltr'>morum,</span> <span class='ocrx_word' id='word_1_153' title='bbox 783 1599 859 1626; x_wconf 54' lang='lat' dir='ltr'>quae,</span> <span class='ocrx_word' id='word_1_154' title='bbox 875 1598 996 1627; x_wconf 83' lang='lat' dir='ltr'>prorsus</span> <span class='ocrx_word' id='word_1_155' title='bbox 1023 1590 1110 1620; x_wconf 83' lang='lat' dir='ltr'>libera</span> <span class='ocrx_word' id='word_1_156' title='bbox 1138 1595 1184 1618; x_wconf 88' lang='lat' dir='ltr'>est</span> <span class='ocrx_word' id='word_1_157' title='bbox 1209 1589 1245 1618; x_wconf 85' lang='lat' dir='ltr'>ab</span> <span class='ocrx_word' id='word_1_158' title='bbox 1271 1587 1333 1626; x_wconf 83' lang='lat' dir='ltr'>ejus</span> <span class='ocrx_word' id='word_1_159' title='bbox 1354 1583 1507 1624; x_wconf 85' lang='lat' dir='ltr'>principiis</span> <span class='ocrx_word' id='word_1_160' title='bbox 1521 1602 1532 1619; x_wconf 82' lang='lat'><strong>,</strong></span> <span class='ocrx_word' id='word_1_161' title='bbox 1552 1581 1660 1619; x_wconf 84' lang='lat' dir='ltr'>praeci-</span> 
     </span>
     <span class='ocr_line' id='line_1_22' title="bbox 1566 1639 1660 1675; baseline 0 -14"><span class='ocrx_word' id='word_1_162' title='bbox 1566 1639 1660 1675; x_wconf 67' lang='lat' dir='ltr'>puum</span> 
     </span>
    </p>
   </div>
   <div class='ocr_carea' id='block_1_9' title="bbox 138 1717 1659 1941">
    <p class='ocr_par' dir='ltr' id='par_1_10' title="bbox 138 1717 1659 1941">
     <span class='ocr_line' id='line_1_23' title="bbox 175 1717 1659 1757; baseline -0.005 -7"><span class='ocrx_word' id='word_1_163' title='bbox 175 1723 189 1757; x_wconf 91' lang='lat'>(</span> <span class='ocrx_word' id='word_1_164' title='bbox 204 1730 214 1750; x_wconf 83' lang='lat'>1</span> <span class='ocrx_word' id='word_1_165' title='bbox 230 1723 244 1756; x_wconf 92' lang='lat'><em>)</em></span> <span class='ocrx_word' id='word_1_166' title='bbox 263 1724 334 1749; x_wconf 77' lang='lat' dir='ltr'>Hier.</span> <span class='ocrx_word' id='word_1_167' title='bbox 350 1723 381 1748; x_wconf 88' lang='lat' dir='ltr'>de</span> <span class='ocrx_word' id='word_1_168' title='bbox 398 1722 484 1748; x_wconf 86' lang='lat' dir='ltr'>Bosch</span> <span class='ocrx_word' id='word_1_169' title='bbox 505 1723 528 1748; x_wconf 85' lang='lat' dir='ltr'>in</span> <span class='ocrx_word' id='word_1_170' title='bbox 545 1722 637 1749; x_wconf 80' lang='lat' dir='ltr'>Ethtca</span> <span class='ocrx_word' id='word_1_171' title='bbox 654 1723 751 1751; x_wconf 85' lang='lat' dir='ltr'>Philos.</span> <span class='ocrx_word' id='word_1_172' title='bbox 772 1723 883 1750; x_wconf 82' lang='lat' dir='ltr'>Criticae</span> <span class='ocrx_word' id='word_1_173' title='bbox 906 1722 1002 1757; x_wconf 84' lang='lat' dir='ltr'>(quod</span> <span class='ocrx_word' id='word_1_174' title='bbox 1029 1723 1122 1756; x_wconf 67' lang='lat' dir='ltr'>poema</span> <span class='ocrx_word' id='word_1_175' title='bbox 1145 1721 1274 1749; x_wconf 83' lang='lat' dir='ltr'>invenitur</span> <span class='ocrx_word' id='word_1_176' title='bbox 1300 1721 1325 1747; x_wconf 84' lang='grc' dir='ltr'>ἰιι</span> <span class='ocrx_word' id='word_1_177' title='bbox 1338 1719 1443 1752; x_wconf 81' lang='lat' dir='ltr'>Mngaz.</span> <span class='ocrx_word' id='word_1_178' title='bbox 1459 1724 1525 1746; x_wconf 87' lang='lat' dir='ltr'>voor</span> <span class='ocrx_word' id='word_1_179' title='bbox 1538 1717 1569 1744; x_wconf 85' lang='lat' dir='ltr'>de</span> <span class='ocrx_word' id='word_1_180' title='bbox 1584 1717 1659 1744; x_wconf 82' lang='lat' dir='ltr'>Criti-</span> 
     </span>
     <span class='ocr_line' id='line_1_24' title="bbox 138 1768 734 1802; baseline -0.002 -5"><span class='ocrx_word' id='word_1_181' title='bbox 138 1770 202 1797; x_wconf 78' lang='lat' dir='ltr'>sche</span> <span class='ocrx_word' id='word_1_182' title='bbox 223 1770 389 1802; x_wconf 82' lang='lat' dir='ltr'>Wysgecrte,</span> <span class='ocrx_word' id='word_1_183' title='bbox 410 1768 445 1796; x_wconf 85' lang='lat'>11.</span> <span class='ocrx_word' id='word_1_184' title='bbox 463 1776 491 1801; x_wconf 88' lang='lat' dir='ltr'>p.</span> <span class='ocrx_word' id='word_1_185' title='bbox 504 1768 588 1802; x_wconf 80' lang='lat'>272.)</span> <span class='ocrx_word' id='word_1_186' title='bbox 608 1771 645 1796; x_wconf 89' lang='lat' dir='ltr'>sic</span> <span class='ocrx_word' id='word_1_187' title='bbox 663 1769 734 1796; x_wconf 58' lang='lat' dir='ltr'>finit}</span> 
     </span>
     <span class='ocr_line' id='line_1_25' title="bbox 445 1816 1098 1849; baseline -0.002 -6"><span class='ocrx_word' id='word_1_188' title='bbox 445 1816 507 1843; x_wconf 88' lang='lat' dir='ltr'>Non</span> <span class='ocrx_word' id='word_1_189' title='bbox 525 1817 561 1842; x_wconf 87' lang='lat' dir='ltr'>sie</span> <span class='ocrx_word' id='word_1_190' title='bbox 579 1816 692 1849; x_wconf 80' lang='lat' dir='ltr'>Ilugenii</span> <span class='ocrx_word' id='word_1_191' title='bbox 709 1824 848 1843; x_wconf 85' lang='lat' dir='ltr'>memorent</span> <span class='ocrx_word' id='word_1_192' title='bbox 864 1817 964 1843; x_wconf 86' lang='lat' dir='ltr'>inventa</span> <span class='ocrx_word' id='word_1_193' title='bbox 982 1817 1098 1848; x_wconf 71' lang='lat' dir='ltr'>Batavi,</span> 
     </span>
     <span class='ocr_line' id='line_1_26' title="bbox 444 1862 1133 1896; baseline -0.003 -7"><span class='ocrx_word' id='word_1_194' title='bbox 444 1862 506 1889; x_wconf 89' lang='lat' dir='ltr'>Non</span> <span class='ocrx_word' id='word_1_195' title='bbox 524 1863 567 1888; x_wconf 83' lang='lat' dir='ltr'>sic·</span> <span class='ocrx_word' id='word_1_196' title='bbox 578 1862 694 1888; x_wconf 66' lang='lat' dir='ltr'>Neu-toni</span> <span class='ocrx_word' id='word_1_197' title='bbox 711 1870 844 1889; x_wconf 80' lang='lat' dir='ltr'>veneretur</span> <span class='ocrx_word' id='word_1_198' title='bbox 863 1869 888 1889; x_wconf 91' lang='lat' dir='ltr'>et</span> <span class='ocrx_word' id='word_1_199' title='bbox 906 1863 1005 1896; x_wconf 75' lang='lat' dir='ltr'>Anglia</span> <span class='ocrx_word' id='word_1_200' title='bbox 1022 1870 1112 1888; x_wconf 79' lang='lat' dir='ltr'>nomen</span> <span class='ocrx_word' id='word_1_201' title='bbox 1124 1880 1133 1893; x_wconf 92' lang='lat'>,</span> 
     </span>
     <span class='ocr_line' id='line_1_27' title="bbox 446 1909 1019 1941; baseline 0 -7"><span class='ocrx_word' id='word_1_202' title='bbox 446 1909 600 1935; x_wconf 73' lang='lat' dir='ltr'>Lavoisierii</span> <span class='ocrx_word' id='word_1_203' title='bbox 617 1909 706 1935; x_wconf 77' lang='lat' dir='ltr'>referat</span> <span class='ocrx_word' id='word_1_204' title='bbox 724 1917 771 1935; x_wconf 88' lang='lat' dir='ltr'>nec</span> <span class='ocrx_word' id='word_1_205' title='bbox 791 1910 878 1936; x_wconf 83' lang='lat' dir='ltr'>Callia</span> <span class='ocrx_word' id='word_1_206' title='bbox 889 1928 898 1941; x_wconf 90' lang='lat'><strong>‚</strong></span> <span class='ocrx_word' id='word_1_207' title='bbox 916 1909 1019 1940; x_wconf 83' lang='lat' dir='ltr'>laudes,</span> 
     </span>
    </p>
   </div>
   <div class='ocr_carea' id='block_1_10' title="bbox 138 1954 1136 2063">
    <p class='ocr_par' dir='ltr' id='par_1_11' title="bbox 138 1954 1136 2063">
     <span class='ocr_line' id='line_1_28' title="bbox 448 1954 1136 1987; baseline -0.003 -7"><span class='ocrx_word' id='word_1_208' title='bbox 448 1955 595 1981; x_wconf 75' lang='lat' dir='ltr'>Doctrinam</span> <span class='ocrx_word' id='word_1_209' title='bbox 613 1963 686 1987; x_wconf 83' lang='lat' dir='ltr'>quam</span> <span class='ocrx_word' id='word_1_210' title='bbox 706 1963 759 1981; x_wconf 86' lang='lat' dir='ltr'>tota</span> <span class='ocrx_word' id='word_1_211' title='bbox 776 1962 843 1980; x_wconf 76' lang='lat' dir='ltr'>tuam</span> <span class='ocrx_word' id='word_1_212' title='bbox 861 1956 1019 1986; x_wconf 81' lang='lat' dir='ltr'>Germania,</span> <span class='ocrx_word' id='word_1_213' title='bbox 1037 1954 1136 1980; x_wconf 59' lang='lat' dir='ltr'>Kanm</span> 
     </span>
     <span class='ocr_line' id='line_1_29' title="bbox 138 1996 1035 2063; baseline 0.001 -36"><span class='ocrx_word' id='word_1_214' title='bbox 138 1996 192 2030; x_wconf 62' lang='lat' dir='ltr'>tf.</span> <span class='ocrx_word' id='word_1_215' title='bbox 210 1999 283 2027; x_wconf 80' lang='lat' dir='ltr'>Mad.</span> <span class='ocrx_word' id='word_1_216' title='bbox 299 2000 330 2026; x_wconf 87' lang='lat' dir='ltr'>de</span> <span class='ocrx_word' id='word_1_217' title='bbox 347 2001 430 2033; x_wconf 64' lang='lat' dir='ltr'>Stati,</span> <span class='ocrx_word' id='word_1_218' title='bbox 449 2000 481 2026; x_wconf 83' lang='lat' dir='ltr'>de</span> <span class='ocrx_word' id='word_1_219' title='bbox 500 2002 665 2034; x_wconf 79' lang='lat' dir='ltr'>l&#39;Allemagne</span> <span class='ocrx_word' id='word_1_220' title='bbox 683 2001 734 2028; x_wconf 90' lang='lat'>111.</span> <span class='ocrx_word' id='word_1_221' title='bbox 749 2003 782 2029; x_wconf 72' lang='lat'>⁶6</span> <span class='ocrx_word' id='word_1_222' title='bbox 794 2008 848 2034; x_wconf 86' lang='lat' dir='ltr'>seq.</span> <span class='ocrx_word' id='word_1_223' title='bbox 965 2032 997 2063; x_wconf 77' lang='lat' dir='ltr'>H</span> <span class='ocrx_word' id='word_1_224' title='bbox 1017 2040 1035 2061; x_wconf 59' lang='lat'><em>2</em></span> 
     </span>
    </p>
   </div>
  </div>
 </body>
</html>
