1946 2517
384 168 403 198 4
771 153 1131 186 'GULIELMI
1189 151 1495 183 DELPRAT

634 210 660 229 r*
730 211 753 215 --
983 217 987 227 ,
1271 212 1283 216 -
1305 211 1326 217 ..
1376 214 1394 222 ,.
1416 214 1437 221 ,.
1497 213 1533 232 ,Ὗ

387 240 545 269 Leibnitzii
572 245 599 269 et
623 238 722 269 Kantii
738 242 781 268 ‘ex
805 238 1030 272 recentioribus,
1060 226 1239 266 necesse'est
1264 226 1437 273 investig'arc
1460 229 1613 273 quamnam
1625 228 1765 274 ⁴⁸quaeque
1798 237 1899 268 schola

384 287 581 328 Felicitatem,
603 300 754 327 quamnam
781 290 926 319 Virtutem
953 289 1135 319 intellexerit.

425 343 494 380 Quo
513 343 639 372 consilio
663 333 851 378 Philosophis
879 349 994 377 operam
1021 341 1134 382 demus.
1177 340 1333 370 Videamus
1358 346 1425 368 num
1451 339 1482 367 in
1507 346 1604 367 eorum
1631 340 1835 375 systematibus
1855 341 1900 371 in.

388 394 537 423 veniamus
556 393 730 422 Felicitatem
742 413 752 428 ,
776 401 859 428 quam
878 392 912 420 ab
935 392 993 420 illis
1008 392 1073 430 jure
1092 380 1304 427 Quodammodo
1320 399 1374 419 nos
1395 396 1488 426 petere
1509 398 1598 426 posse
1612 390 1776 428 videamur,
1798 401 1899 429 quam-

386 453 441 480 que
469 445 543 481 apud
574 453 604 472 se
630 444 753 473 inveniri
784 443 965 479 profitentur.
1017 444 1172 473 Videamus
1203 450 1269 471 num
1302 441 1494 470 nobilissimis
1525 441 1611 470 animi
1641 442 1784 472 desideriis
1813 444 1900 473 satis-

383 495 490 524 faciant
518 515 529 530 ,
563 502 632 524 num
660 495 806 528 -adversus
837 495 892 523 tela
923 494 1057 524 fortunae
1090 493 1268 530 >praesidium
1299 493 1567 530 suppeditentur.
1587 493 1744 533 Videamus
1776 494 1899 536 denique

382 543 452 576 num
477 541 721 583 philosophorum
748 545 896 582 praecepta
917 545 989 574 hanc
1008 545 1065 574 vim
1091 545 1211 573 habeant
1233 550 1266 573 ut
1293 544 1418 572 animum
1444 544 1570 573 Virtutis
1596 548 1689 573 amore
1710 541 1894 580 ‘incendium

385 597 585 636 ‹et-prohibere
608 599 718 627 valeant
739 597 895 633 quominus
922 596 952 625 in
983 596 1212 625 turbulentarum
1237 595 1462 624 commotionum
1489 595 1624 632 procellis
1649 595 1827 634 naufragium
1854 596 1898 626 fa-

381 649 500 679 ciamus.
1673 658 1677 659 ⁷

424 701 515 730 Antea
535 707 627 730 tamen
645 700 879 730 Clarissimorum
896 697 1033 737 Judicum
1047 697 1254 733 indulgentiam
1271 705 1355 733 quam
1373 697 1621 726 vehementissime
1641 698 1764 734 flagitare
1780 699 1868 728 debeo
1882 720 1894 735 ,

384 760 440 788 qua
465 752 641 788 indulgentia
676 753 744 780 adeo
769 751 839 779 mihi
864 758 938 786 opus
964 758 1026 778 esse
1050 749 1218 785 perspicio,
1247 755 1279 776 ut
1304 748 1339 776 ab
1368 756 1398 776 ea
1426 748 1602 784 imploranda
1625 757 1660 777 ne
1688 749 1753 785 ipse
1780 750 1893 785 quidem

383 811 428 831 me
454 803 592 831 deterrere
610 802 704 840 possit
726 808 818 830 metus
840 809 875 830 ne
892 801 1012 829 taedium
1031 800 1141 828 afferam
1159 799 1330 836 judicibus,
1354 799 1420 827 dum
1445 799 1566 828 usitatas
1585 800 1680 834 istas,
1702 800 1792 834 (mihi
1811 809 1896 836 quam

383 853 503 882 maxime
527 853 725 889 necessarias)
752 852 915 889 rogationes
938 852 1070 881 adhibeo.
1111 851 1200 887 Spero
1223 850 1285 879 fore
1306 857 1338 878 ut
1360 858 1426 878 cum
1455 852 1532 879 vires
1557 850 1649 879 deesse
1674 852 1893 889 perspexerint,

384 905 543 934 voluntatis
564 912 656 933 tamen
685 904 809 939 aliquam
831 903 967 931 rationem
992 902 1132 939 habeant;
1155 909 1245 938 utque
1259 901 1290 930 in
1306 902 1488 937 imperfectis
1507 901 1586 930 hisce
1610 901 1818 934 tentaminibns,¹
1837 899 1896 936 nQn

382 957 564 991 requirantur
589 965 603 984 a
624 957 728 993 juvene
750 961 879 983 accurata
909 962 1001 982 rerum
1026 953 1156 990 cognitio
1173 973 1185 988 ‚
1219 953 1294 981 bona
1321 953 1451 990 judicia,
1479 952 1658 988 philosopho
1691 954 1774 990 digna
1801 955 1894 984 oratio

382 1016 502 1043 quarum
529 1015 639 1041 rerum,
661 1007 684 1034 si
714 1007 778 1040 quis
804 1005 896 1040 alius,
920 1007 983 1033 Vos
1000 1011 1098 1040 certe,
1122 1003 1260 1041 Judicesl
1290 1005 1487 1033 necessitatem
1507 1003 1753 1040 animadvertitis,
1781 1005 1895 1034 iisdem·

382 1066 439 1094 que
463 1058 535 1086 hanc
559 1057 743 1093 scriptionem
772 1063 872 1084 carere.

422 1109 531 1136 Praeter
552 1114 667 1135 aetatem
694 1114 720 1134 et
741 1107 821 1134 aliam
847 1107 1038 1142 indulgentiae
1058 1107 1195 1135 rationem
1214 1107 1311 1135 afferre
1329 1107 1440 1141 audeo,
1467 1107 1553 1144 cujus
1579 1105 1641 1142 ipsa
1668 1107 1728 1135 sola
1760 1108 1896 1136 enuncia..

381 1160 424 1188 tio
445 1159 514 1186 mihi
538 1159 641 1187 obesse
662 1165 776 1194 potest:
809 1163 838 1186 at
863 1158 955 1186 dicere
977 1158 1084 1192 debeo⁷
1115 1164 1164 1186 aut
1186 1159 1284 1194 potius
1309 1159 1337 1187 id
1360 1159 1417 1195 jam
1442 1166 1503 1186 non
1530 1158 1653 1194 amplius
1677 1165 1794 1186 necesse
1818 1158 1891 1188 erit:

382 1212 495 1247 linguae
522 1209 640 1238 Latinae
669 1210 698 1238 in
724 1209 876 1238 scribendo
907 1217 977 1237 usus
1001 1209 1070 1237 mini
1097 1209 1156 1238 fuit
1181 1209 1368 1238 difficillimus
1394 1216 1481 1244 atque
1511 1209 1775 1238 insolentissimus:
1815 1209 1896 1244 quod

383 1261 618 1298 impedimentum
641 1269 676 1288 eo
703 1261 792 1297 magis
814 1260 884 1288 mihi
910 1259 1028 1295 obfuit,
1054 1269 1116 1296 quo
1135 1261 1258 1290 sciebam
1284 1261 1401 1298 Judices
1433 1268 1493 1290 nou
1516 1260 1599 1289 verba
1621 1261 1672 1289 sed
1697 1269 1739 1288 res
1765 1267 1898 1295 spectan-
1942 1267 1943 1271 ’

385 1320 427 1341 tes
453 1320 486 1340 eo
511 1310 635 1347 apertius
660 1319 751 1339 rerum
778 1311 1045 1347 imperfectionem,
1067 1321 1127 1340 non
1153 1312 1244 1339 verbis
1269 1312 1326 1348 (ut
1354 1311 1410 1347 fit)
1435 1312 1808 1349 velatam‚»perspicerentig
1829 1331 1839 1342 2
1864 1328 1887 1343 ,ι

419 1363 521 1391 Restat
541 1367 573 1389 ut
595 1370 681 1389 unum
706 1362 778 1396 quid
805 1362 886 1389 etiam
912 1369 999 1397 atque
1022 1363 1105 1391 etiam
1134 1370 1242 1398 rogem.
1283 1361 1427 1390 Nimirum
1453 1362 1575 1390 c‘u'min
1598 1363 1895 1399 expositionesyste·

383 1422 489 1443 rnatum
519 1420 546 1441 et
569 1407 775 1448 dijudicatione
796 1414 880 1440 inulti
905 1420 932 1440 et
962 1413 1086 1441 fortasse
1110 1421 1168 1442 non
1192 1413 1331 1440 tolerandi
1358 1421 1467 1440 errores
1494 1413 1694 1447 inueniuntur,
1726 1419 1892 1451 ueterum*

381 1474 430 1494 tur
453 1473 504 1494 oro
531 1464 683 1500 opiniones
709 1464 738 1491 in
765 1464 820 1491 hoc
846 1465 998 1493 tentamine
1021 1465 1139 1492 emissas
1165 1464 1234 1492 mihi
1259 1463 1459 1491 tantummodo
1476 1462 1607 1491 adfuisse
1630 1462 1755 1498 juveni,
1785 1464 1895 1499 cogita.
1940 1460 1946 1466 '

352 1550 355 1554 Ι
381 1523 426 1544 tae
452 1516 516 1544 illae
541 1515 612 1543 inter
638 1523 794 1550 paucorum
822 1515 971 1543 mensium*
991 1517 1127 1551 spatium.
1177 1514 1244 1542 Non
1277 1514 1380 1542 dubito
1410 1514 1480 1548 quin
1515 1513 1545 1542 in
1579 1518 1724 1548 posterum
1754 1513 1820 1542 haec
1846 1521 1895 1543 aut
1935 1546 1942 1556 ι

384 1568 430 1596 illa
460 1566 624 1604 systematis
652 1573 717 1601 pars
741 1573 768 1594 et
801 1566 962 1595 accuratior
989 1566 1135 1594 meditatio
1161 1566 1281 1594 efficiant
1307 1571 1338 1593 ut
1366 1564 1617 1602 placitaamelioti
1641 1563 1758 1593 ratione
1783 1565 1895 1602 perspi,-

381 1620 475 1653 ciam‚
495 1624 528 1646 ut
554 1616 695 1654 judicium
722 1624 827 1645 mutem
850 1617 1061 1652 opinionesque
1088 1617 1245 1645 modificet.
1458 1624 1471 1648 ζ’
1641 1640 1644 1645 .
1733 1636 1737 1637 ⁷
1766 1622 1792 1647 1.
1822 1641 1823 1645 ,
1881 1633 1887 1650 ι

418 1669 561 1698 Universe
589 1668 644 1696 hoc
666 1668 794 1695 voluisse
814 1668 1003 1696 Nobilissima
1031 1668 1163 1696 Facultas
1183 1668 1252 1696 mihi
1278 1667 1390 1696 videtur
1413 1667 1493 1694 utin
1517 1665 1696 1701 expositione
1720 1666 1889 1702 dogmatum

381 1729 441 1750 non
463 1728 517 1748 tam
552 1719 696 1755 cujusque
727 1719 842 1748 scholae
880 1718 1086 1756 discipulorum
1119 1719 1329 1748 diversissimas
1361 1719 1434 1746 inter
1448 1726 1492 1746 ,sc
1522 1716 1677 1746 sententias
1709 1724 1887 1753 enumercm‘,

368 1780 465 1808 -quam
493 1771 591 1806 potius
615 1770 650 1797 ad
674 1770 769 1805 ipsum
796 1769 904 1798 fontem
929 1771 1023 1798 adeam
1042 1779 1068 1798 et
1088 1771 1203 1799 scholae
1222 1770 1357 1798 Auctoris
1380 1770 1538 1804 (quantum
1560 1768 1618 1796 sieri
1637 1767 1754 1805 possit)
1775 1776 1893 1798 'senten'-

382 1824 448 1852 tiam
471 1829 622 1858 exponam.
671 1820 829 1849 Herculeus
861 1823 981 1858 (nosne
1016 1822 1098 1850 etiam
1135 1822 1296 1857 inutilis?)
1328 1821 1407 1848 labor
1432 1819 1506 1847 foret
1526 1819 1654 1847 omnium
1681 1818 1891 1855 discipulorum

382 1874 533 1909 opiniones·
559 1881 663 1907 easque
690 1881 774 1907 saepe
807 1872 1013 1900 subtilissimus
1049 1881 1130 1908 saepe
1156 1872 1389 1905 diversissimas,
1422 1872 1468 1898 vel
1494 1878 1663 1898 enumcrare.
1682 1894 1684 1896 ,
1705 1869 1792 1899 Nunc
1822 1878 1890 1902 vero

382 1934 440 1955 non
471 1925 700 1962 Epicureorum,
732 1931 791 1952 non
819 1924 1007 1961 Stoicorum,
1037 1931 1096 1953 non
1123 1923 1388 1952 Leibnitzianorum
1406 1941 1417 1958 ‚
1447 1929 1506 1950 non
1536 1921 1759 1950 Kantianorum„
1778 1929 1891 1951 senten-

1837 1974 1894 2004 tite
