1946 2517
398 181 716 213 COMMENTATIO
739 191 782 213 Α»
803 182 1105 221 QUAESTIONEM
1126 187 1346 219 PHYSICAM.
1592 201 1626 230 15

117 269 179 299 sive
196 267 250 297 alia
266 267 506 303 constructione,
526 273 558 296 ut
577 267 726 296 reducatur
750 267 916 302 superficies
944 270 1075 298 mercurii
1096 270 1217 301 inferior
1237 273 1272 301 ad
1292 273 1405 302 initium
1427 275 1537 309 scalae3
1560 282 1620 304 tum

114 321 183 357 quia
213 318 292 348 nulla
318 320 459 348 correctio
487 319 645 349 neccssaria
669 325 712 347 est
740 319 775 347 ad
801 319 1000 354 capillaritntis
1023 321 1080 350 vim
1106 323 1280 353 tollendam:
1313 326 1337 354 si
1361 326 1435 355 enim
1461 326 1555 354 eatlem
1581 334 1624 355 est

114 372 269 407 turiusque
284 371 378 400 cruris
400 372 556 407 diameter,
579 370 738 400 mercurius
761 370 791 399 in
815 378 940 407 utroque
961 374 1116 408 aequaliter
1133 375 1326 412 deprimetur,
1348 378 1386 406 ita
1410 385 1441 406 ut
1461 379 1539 407 nulla
1560 379 1625 408 inde

112 423 236 453 mutatio
254 423 284 452 in
297 422 448 452 altitudine
469 424 619 452 columnae
639 422 815 452 mercurialis
838 423 970 460 orietur3
998 431 1058 453 tum
1085 426 1228 463 denique,
1250 429 1317 464 quia
1337 438 1486 466 nunquam
1508 438 1626 460 necesse

113 481 179 511 est,
198 481 231 502 ut
249 482 315 503 curn
331 474 396 504 aliis
418 467 584 504 barometris
603 480 798 510 comparetur.
850 474 963 504 Contra
992 482 1085 505 tamen
1115 483 1142 506 et
1164 481 1299 514 quaedam
1326 481 1510 511 incommoda
1536 482 1620 512 habet

112 527 170 556 sibi
192 526 367 563 peculiaria;
388 527 498 562 veluti,
525 527 666 555 interdum
687 526 769 555 debet
783 527 900 562 purgari
920 527 954 554 ab
973 530 1036 556 aere
1052 535 1080 558 et
1099 530 1287 568 humiditate,
1308 541 1381 568 quae
1405 542 1490 570 saepe
1520 534 1624 563 adhae-

116 584 178 608 rent
202 578 236 606 ad
251 577 371 613 parietes
386 579 534 607 interiores
550 578 614 606 tubi
630 577 766 613 minoris3
789 583 816 605 et
833 577 888 605 nisi
907 578 941 606 ab
959 578 1075 609 homine
1089 582 1182 617 perito
1197 584 1268 612 bene
1285 592 1436 621 caveatur,
1463 585 1550 615 facile
1568 593 1622 622 per

117 634 302 657 curvaturam
323 627 462 656 transitus
483 636 528 656 aer
552 629 581 657 in
606 630 697 667 majus
723 637 789 657 crus
815 629 983 659 adscendere
999 638 1114 668 potest,
1135 634 1203 669 quia
1221 643 1279 664 non
1301 636 1386 672 licet,
1413 643 1470 667 tam
1492 643 1625 667 accurate

116 680 248 707 claudere
269 677 371 706 tubum
392 680 533 708 mercurio
551 682 688 716 repletum
702 701 711 716 ,
734 687 766 709 ut
787 681 886 709 nullus
908 684 957 710 aet
976 683 1056 719 juxta
1080 685 1282 715 obtul-aenium
1306 689 1425 717 transire
1449 690 1565 726 possit,
1587 698 1623 718 ne

111 729 248 759 dilatatus
268 737 284 758 a
301 730 397 758 calore
415 732 572 760 mercurius
590 732 702 769 frangat
719 734 929 768 barometrum;
953 735 1018 763 huIc
1031 736 1219 767 incommodo
1231 738 1300 767 mihi
1316 739 1449 776 inprimis
1464 741 1621 770 obnoxium

109 781 223 810 videtur
246 781 476 816 Gay-Lussacit
502 782 716 819 baromerrum,
745 786 812 820 quia
841 787 1000 815 mercurius
1031 789 1061 816 in
1087 797 1121 817 eo
1151 798 1209 819 non
1237 790 1276 819 ita
1301 799 1401 827 potest
1431 793 1561 827 includi,
1592 799 1624 820 ut

111 840 142 860 se
161 839 275 860 movere
300 840 358 860 non
386 833 510 868 amplius
537 841 643 870 queat3
664 835 693 863 in
719 843 818 871 genere
844 838 911 865 haec
938 839 1095 869 barometra
1120 849 1181 870 non
1207 842 1269 871 sine
1297 844 1427 879 periculo
1448 844 1477 872 in
1499 844 1624 880 navigiis

111 888 162 910 aut
186 883 295 912 essedis
320 883 471 913 itinerariis
492 885 642 914 transferri
666 893 811 923 possunt:
835 896 974 924 praeterea
998 891 1081 919 etiam
1108 893 1201 921 multo
1221 894 1326 931 majore
1353 895 1447 931 pretio
1474 902 1621 924 constant.

109 933 188 963 Hinc
215 940 335 970 ortum,
365 942 396 963 ut
423 943 482 964 non
513 945 613 965 omnes
641 938 861 975 consentirent,
892 949 1017 976 quonam
1052 952 1153 979 genere
1187 946 1374 980 potissimum
1404 947 1540 975 utendum
1567 947 1619 976 sit.

110 982 292 1012 Ramondius
313 983 385 1021 (1)
413 984 504 1021 dicit,
533 987 569 1015 ad
595 988 834 1018 determinandam
860 992 1020 1022 absolutam
1045 995 1116 1023 aeris
1142 996 1171 1024 in
1197 996 1294 1025 locum
1319 998 1468 1032 quemdam
1498 998 1624 1032 pressio-

109 1042 196 1070 nem,
217 1035 260 1063 uti
283 1040 311 1063 et
335 1035 371 1064 ad
396 1036 612 1067 observationes
636 1039 667 1067 in
687 1040 754 1068 loco
777 1042 879 1077 aliquo
903 1051 980 1073 certo
1006 1045 1151 1074 faciendas
1169 1046 1269 1082 potius
1294 1048 1432 1076 utendum
1459 1056 1522 1076 esse
1540 1048 1624 1077 baro-

111 1092 203 1114 metro
225 1086 432 1122 siphoniformi
447 1095 454 1115 :
474 1095 593 1122 contra,
612 1089 763 1120 itineribus
780 1093 894 1127 aptiora
908 1101 969 1122 esse
981 1095 1092 1131 judicat
1113 1097 1269 1126 barometra
1287 1099 1484 1136 Fortiniana,
1507 1099 1618 1135 quippe

109 1136 141 1165 in
166 1143 239 1172 quae
261 1136 308 1164 aer
331 1144 479 1173 nunquam
508 1145 654 1174 penetrare
680 1147 788 1177 potest.
835 1143 973 1174 Hamus
993 1147 1041 1175 ille
1065 1154 1190 1185 contra,
1219 1150 1304 1186 cujus
1329 1158 1418 1186 supra
1448 1151 1623 1179 mentionem

108 1187 194 1222 feci,
221 1186 251 1215 in
284 1188 352 1216 loco
381 1195 459 1216 certo
495 1190 633 1220 utebatur
662 1192 823 1223 barometro
863 1197 967 1232 pyxide
996 1198 1167 1235 instructo,
1203 1200 1234 1230 in
1264 1202 1364 1230 itinere
1397 1201 1616 1237 siphoniformi.

107 1236 341 1274 Benzcnbcrgius
364 1239 429 1276 (2)
452 1239 584 1269 universe
604 1247 715 1271 tantum
740 1244 812 1274 dicit
839 1254 951 1284 semper
975 1256 1102 1286 utroque
1124 1259 1224 1288 genere
1248 1253 1385 1281 utendum
1411 1261 1490 1282 esse:
1511 1253 1621 1282 Mune-

108 1289 171 1318 kius
190 1294 292 1317 contria
317 1289 476 1326 praecipit,
507 1297 539 1319 ut
568 1297 679 1322 tantum
709 1294 902 1326 barometrum
928 1299 1034 1335 pyxide
1058 1302 1234 1332 instructum
1260 1310 1433 1340 usurpetur,
1456 1305 1545 1341 quia,
1577 1306 1622 1334 in-

108 1341 192 1377 quit,
212 1347 243 1368 ea
260 1339 351 1376 vitia,
372 1348 446 1377 quae
469 1343 500 1371 in
524 1342 704 1374 observando
728 1347 873 1377 committi
896 1356 1045 1388 possunt,
1065 1352 1251 1390 duplicantur
1275 1356 1306 1385 in
1333 1355 1498 1385 barometro
1519 1356 1621 1392 sipho-

105 1390 224 1422 niformi
244 1390 261 1429 (
271 1392 326 1429 3).
1547 1404 1552 1411 ’

809 1453 838 1488 S·
880 1462 910 1489 7·

590 1523 638 1552 Dc
655 1528 778 1555 cactert's
799 1528 969 1558 Barometri
986 1530 1133 1568 partibus.

146 1616 173 1638 1.
202 1607 244 1637 Ut
268 1607 462 1638 barometrum
490 1609 576 1640 facile
600 1616 788 1650 transportari
814 1618 931 1655 possit,
954 1619 1113 1649 includitur
1135 1621 1305 1658 plerumque
1324 1622 1353 1652 in
1375 1631 1458 1659 arca,
1481 1631 1530 1652 seu
1554 1632 1621 1660 cap·

104 1660 190 1695 sula,
219 1666 290 1696 quae
319 1659 403 1689 habet
429 1660 550 1691 formam
583 1664 679 1694 baculi
699 1668 923 1706 ambulatorii,
955 1672 1038 1708 cujus
1067 1670 1250 1701 manubrium
1279 1681 1323 1702 est
1350 1675 1458 1711 pyxis.-
1485 1675 1532 1703 cui
1561 1683 1621 1710 quo

105 1710 207 1739 melius
227 1704 363 1740 inservire
384 1713 502 1747 possit,
522 1713 547 1741 ei
566 1722 687 1752 superne
707 1726 763 1754 ope
780 1721 913 1749 cochleae
930 1723 1064 1760 adjicitur
1084 1725 1247 1754 extremitas
1269 1723 1374 1761 euprea
1395 1733 1492 1755 acuta.
1531 1726 1616 1755 Con·

105 1760 202 1790 ficitur
228 1761 296 1790 haec
320 1770 383 1791 arca
406 1763 469 1791 sive
495 1772 509 1792 e
534 1764 635 1802 ligno,
657 1767 719 1796 sive
744 1777 759 1797 e
783 1778 895 1806 cupro:
918 1774 1065 1810 posterius
1091 1775 1213 1811 praefert
1232 1775 1436 1812 Ramondt'm,
1458 1778 1524 1812 quia
1550 1778 1620 1806 faci-

105 1813 205 1842 liorem
233 1812 385 1843 transitum
414 1815 531 1851 praebet
555 1817 662 1855 calori3
688 1820 806 1851 vitietur
832 1830 926 1855 tamen
950 1827 1071 1857 omnino
1103 1836 1163 1857 non
1190 1828 1405 1866 praeferentium
1431 1837 1494 1860 esse
1517 1831 1621 1867 ligm,

1553 1883 1624 1918 quia

129 1931 143 1958 (
153 1930 184 1957 ι)
205 1931 271 1953 lum.
284 1936 341 1957 pour
356 1932 378 1952 la
389 1932 459 1959 farm.
472 1934 554 1957 harum.
577 1943 599 1963 p,
616 1942 652 1963 70.

131 1973 184 2001 (2)
207 1973 338 1995 Bndnn'h.
361 1980 383 2001 p.
401 1976 436 1996 2⁶.

131 2014 183 2044 (³)
206 2015 293 2037 Gna.
316 2014 377 2038 Anu.
395 2016 457 2039 1812·
481 2017 507 2039 B·
524 2022 562 2047 ⁴2·
585 2019 618 2042 St.
632 2026 653 2046 4.
675 2027 694 2044 ι.
711 2023 759 2050 296.
