<?xml version="1.0" encoding="UTF-8"?>
<!DOCTYPE html PUBLIC "-//W3C//DTD XHTML 1.0 Transitional//EN"
    "http://www.w3.org/TR/xhtml1/DTD/xhtml1-transitional.dtd">
<html xmlns="http://www.w3.org/1999/xhtml" xml:lang="en" lang="en">
 <head>
  <title>
</title>
<meta http-equiv="Content-Type" content="text/html;charset=utf-8" />
  <meta name='ocr-system' content='tesseract 3.04.00' />
  <meta name='ocr-capabilities' content='ocr_page ocr_carea ocr_par ocr_line ocrx_word'/>
</head>
<body>
  <div class='ocr_page' id='page_1' title='image "annalesacademiae21rijk_0358.png"; bbox 0 0 1946 2517; ppageno 0'>
   <div class='ocr_carea' id='block_1_1' title="bbox 294 164 1406 218">
    <p class='ocr_par' dir='ltr' id='par_1_1' title="bbox 294 164 1406 218">
     <span class='ocr_line' id='line_1_1' title="bbox 294 164 1406 218; baseline 0 -20"><span class='ocrx_word' id='word_1_1' title='bbox 294 184 335 218; x_wconf 65' lang='lat'>4·</span> <span class='ocrx_word' id='word_1_2' title='bbox 624 184 643 186; x_wconf 94' lang='lat'>--</span> <span class='ocrx_word' id='word_1_3' title='bbox 701 164 1406 198; x_wconf 80' lang='lat' dir='ltr'><strong>GULIELM1··DELPRAT</strong></span> 
     </span>
    </p>
   </div>
   <div class='ocr_carea' id='block_1_2' title="bbox 304 247 1828 949">
    <p class='ocr_par' dir='ltr' id='par_1_2' title="bbox 304 247 1806 343">
     <span class='ocr_line' id='line_1_2' title="bbox 304 247 1806 291; baseline -0.001 -7"><span class='ocrx_word' id='word_1_4' title='bbox 304 257 380 290; x_wconf 86' lang='lat' dir='ltr'>lere,</span> <span class='ocrx_word' id='word_1_5' title='bbox 401 253 534 291; x_wconf 79' lang='lat' dir='ltr'>quoniam</span> <span class='ocrx_word' id='word_1_6' title='bbox 563 251 681 288; x_wconf 84' lang='lat' dir='ltr'>putabat</span> <span class='ocrx_word' id='word_1_7' title='bbox 706 256 835 289; x_wconf 73' lang='lat' dir='ltr'><em>oportere</em></span> <span class='ocrx_word' id='word_1_8' title='bbox 856 257 887 278; x_wconf 89' lang='lat' dir='ltr'>se</span> <span class='ocrx_word' id='word_1_9' title='bbox 907 247 1023 283; x_wconf 88' lang='lat' dir='ltr'>dolere,</span> <span class='ocrx_word' id='word_1_10' title='bbox 1051 254 1162 280; x_wconf 80' lang='lat' dir='ltr'>rectum</span> <span class='ocrx_word' id='word_1_11' title='bbox 1181 256 1264 284; x_wconf 88' lang='lat' dir='ltr'>esse,</span> <span class='ocrx_word' id='word_1_12' title='bbox 1289 249 1326 279; x_wconf 81' lang='lat' dir='ltr'>ad</span> <span class='ocrx_word' id='word_1_13' title='bbox 1351 249 1469 287; x_wconf 77' lang='lat' dir='ltr'>officium</span> <span class='ocrx_word' id='word_1_14' title='bbox 1491 249 1649 287; x_wconf 83' lang='lat' dir='ltr'>pertinere,</span> <span class='ocrx_word' id='word_1_15' title='bbox 1670 250 1806 282; x_wconf 77' lang='lat' dir='ltr'>deeonm</span> 
     </span>
     <span class='ocr_line' id='line_1_3' title="bbox 306 299 1616 343; baseline -0.007 -9"><span class='ocrx_word' id='word_1_16' title='bbox 306 314 356 343; x_wconf 87' lang='lat' dir='ltr'>per</span> <span class='ocrx_word' id='word_1_17' title='bbox 375 305 514 341; x_wconf 84' lang='lat' dir='ltr'>lacrymas</span> <span class='ocrx_word' id='word_1_18' title='bbox 541 303 708 332; x_wconf 86' lang='lat' dir='ltr'>servandum</span> <span class='ocrx_word' id='word_1_19' title='bbox 731 310 793 330; x_wconf 86' lang='lat' dir='ltr'>esse</span> <span class='ocrx_word' id='word_1_20' title='bbox 813 301 853 338; x_wconf 84' lang='lat'>(1</span> <span class='ocrx_word' id='word_1_21' title='bbox 869 299 900 337; x_wconf 74' lang='lat' dir='ltr'>J!</span> <span class='ocrx_word' id='word_1_22' title='bbox 1609 322 1616 325; x_wconf 28' lang='grc' dir='ltr'><em>Α</em></span> 
     </span>
    </p>

    <p class='ocr_par' dir='ltr' id='par_1_3' title="bbox 309 349 1814 546">
     <span class='ocr_line' id='line_1_4' title="bbox 345 349 1811 392; baseline -0.002 -7"><span class='ocrx_word' id='word_1_23' title='bbox 345 357 392 386; x_wconf 88' lang='lat' dir='ltr'>Ad</span> <span class='ocrx_word' id='word_1_24' title='bbox 413 354 600 392; x_wconf 82' lang='lat' dir='ltr'>posteriorem</span> <span class='ocrx_word' id='word_1_25' title='bbox 625 353 792 382; x_wconf 82' lang='lat' dir='ltr'>sententiam</span> <span class='ocrx_word' id='word_1_26' title='bbox 816 351 895 387; x_wconf 78' lang='lat' dir='ltr'>quod</span> <span class='ocrx_word' id='word_1_27' title='bbox 929 349 1057 386; x_wconf 80' lang='lat' dir='ltr'>adtinet,</span> <span class='ocrx_word' id='word_1_28' title='bbox 1083 350 1195 380; x_wconf 72' lang='lat' dir='ltr'>doloris</span> <span class='ocrx_word' id='word_1_29' title='bbox 1218 351 1329 380; x_wconf 87' lang='lat' dir='ltr'>scilicet</span> <span class='ocrx_word' id='word_1_30' title='bbox 1351 350 1599 389; x_wconf 73' lang='lat' dir='ltr'>significationem.</span> <span class='ocrx_word' id='word_1_31' title='bbox 1613 357 1734 389; x_wconf 80' lang='lat' dir='ltr'>propter</span> <span class='ocrx_word' id='word_1_32' title='bbox 1748 352 1811 382; x_wconf 80' lang='lat' dir='ltr'>offi-</span> 
     </span>
     <span class='ocr_line' id='line_1_5' title="bbox 309 400 1814 442; baseline -0.003 -6"><span class='ocrx_word' id='word_1_33' title='bbox 309 408 385 442; x_wconf 80' lang='lat' dir='ltr'>cium</span> <span class='ocrx_word' id='word_1_34' title='bbox 407 407 486 441; x_wconf 84' lang='lat' dir='ltr'>lieri,</span> <span class='ocrx_word' id='word_1_35' title='bbox 508 405 579 434; x_wconf 85' lang='lat' dir='ltr'>nihil</span> <span class='ocrx_word' id='word_1_36' title='bbox 606 404 750 432; x_wconf 82' lang='lat' dir='ltr'>dicamus:</span> <span class='ocrx_word' id='word_1_37' title='bbox 775 403 886 432; x_wconf 84' lang='lat' dir='ltr'>falsitas</span> <span class='ocrx_word' id='word_1_38' title='bbox 906 403 981 432; x_wconf 86' lang='lat' dir='ltr'>enim</span> <span class='ocrx_word' id='word_1_39' title='bbox 1001 400 1150 430; x_wconf 76' lang='lat' dir='ltr'>manifesta</span> <span class='ocrx_word' id='word_1_40' title='bbox 1173 408 1228 432; x_wconf 88' lang='lat' dir='ltr'>est.</span> <span class='ocrx_word' id='word_1_41' title='bbox 1270 402 1334 430; x_wconf 85' lang='lat' dir='ltr'>Hoc</span> <span class='ocrx_word' id='word_1_42' title='bbox 1360 409 1455 432; x_wconf 81' lang='lat' dir='ltr'>tamen</span> <span class='ocrx_word' id='word_1_43' title='bbox 1476 403 1602 431; x_wconf 78' lang='lat' dir='ltr'>ostendit</span> <span class='ocrx_word' id='word_1_44' title='bbox 1619 403 1814 440; x_wconf 81' lang='lat' dir='ltr'>philosophos</span> 
     </span>
     <span class='ocr_line' id='line_1_6' title="bbox 314 453 1814 490; baseline -0.003 -4"><span class='ocrx_word' id='word_1_45' title='bbox 314 459 345 487; x_wconf 88' lang='lat' dir='ltr'>in</span> <span class='ocrx_word' id='word_1_46' title='bbox 373 456 532 485; x_wconf 74' lang='lat' dir='ltr'>ratiociniis</span> <span class='ocrx_word' id='word_1_47' title='bbox 560 462 688 490; x_wconf 87' lang='lat' dir='ltr'>tempora</span> <span class='ocrx_word' id='word_1_48' title='bbox 711 461 815 482; x_wconf 86' lang='lat' dir='ltr'>temere</span> <span class='ocrx_word' id='word_1_49' title='bbox 834 453 1032 488; x_wconf 87' lang='lat' dir='ltr'>confundere,</span> <span class='ocrx_word' id='word_1_50' title='bbox 1056 453 1199 481; x_wconf 86' lang='lat' dir='ltr'>hominem</span> <span class='ocrx_word' id='word_1_51' title='bbox 1217 453 1381 489; x_wconf 82' lang='lat' dir='ltr'>saepissime</span> <span class='ocrx_word' id='word_1_52' title='bbox 1395 461 1516 490; x_wconf 82' lang='lat' dir='ltr'>prorsus</span> <span class='ocrx_word' id='word_1_53' title='bbox 1538 453 1699 489; x_wconf 85' lang='lat' dir='ltr'>oblivisci,</span> <span class='ocrx_word' id='word_1_54' title='bbox 1716 459 1746 481; x_wconf 88' lang='lat' dir='ltr'>et</span> <span class='ocrx_word' id='word_1_55' title='bbox 1763 459 1814 489; x_wconf 73' lang='lat' dir='ltr'>sy⁴</span> 
     </span>
     <span class='ocr_line' id='line_1_7' title="bbox 311 504 1727 546; baseline -0.006 -8"><span class='ocrx_word' id='word_1_56' title='bbox 311 515 428 538; x_wconf 78' lang='lat' dir='ltr'>sternata</span> <span class='ocrx_word' id='word_1_57' title='bbox 452 515 522 541; x_wconf 87' lang='lat' dir='ltr'>sua,</span> <span class='ocrx_word' id='word_1_58' title='bbox 544 513 690 546; x_wconf 64' lang='lat' dir='ltr'>tamquam&gt;</span> <span class='ocrx_word' id='word_1_59' title='bbox 710 514 749 546; x_wconf 18' lang='lat' dir='ltr'>rex</span> <span class='ocrx_word' id='word_1_60' title='bbox 771 505 908 542; x_wconf 81' lang='lat' dir='ltr'>tripode,</span> <span class='ocrx_word' id='word_1_61' title='bbox 928 504 1070 541; x_wconf 82' lang='lat' dir='ltr'>proferre.</span> <span class='ocrx_word' id='word_1_62' title='bbox 1584 526 1587 527; x_wconf 18' lang='grc' dir='ltr'><em>γ</em></span> <span class='ocrx_word' id='word_1_63' title='bbox 1724 520 1727 523; x_wconf 96' lang='grc'>-</span> 
     </span>
    </p>

    <p class='ocr_par' dir='ltr' id='par_1_4' title="bbox 311 553 1828 949">
     <span class='ocr_line' id='line_1_8' title="bbox 348 553 1816 593; baseline -0.003 -7"><span class='ocrx_word' id='word_1_64' title='bbox 348 559 422 593; x_wconf 77' lang='lat' dir='ltr'>Sed,</span> <span class='ocrx_word' id='word_1_65' title='bbox 445 557 599 592; x_wconf 83' lang='lat' dir='ltr'>inquiunt,</span> <span class='ocrx_word' id='word_1_66' title='bbox 621 557 705 585; x_wconf 86' lang='lat' dir='ltr'>dolor</span> <span class='ocrx_word' id='word_1_67' title='bbox 731 564 792 585; x_wconf 86' lang='lat' dir='ltr'>non</span> <span class='ocrx_word' id='word_1_68' title='bbox 817 556 922 584; x_wconf 87' lang='lat' dir='ltr'>malum</span> <span class='ocrx_word' id='word_1_69' title='bbox 946 556 1094 585; x_wconf 82' lang='lat' dir='ltr'>vocandus</span> <span class='ocrx_word' id='word_1_70' title='bbox 1123 561 1177 585; x_wconf 88' lang='lat' dir='ltr'>est.</span> <span class='ocrx_word' id='word_1_71' title='bbox 1227 554 1382 591; x_wconf 86' lang='lat' dir='ltr'>Egregium</span> <span class='ocrx_word' id='word_1_72' title='bbox 1406 553 1561 584; x_wconf 66' lang='lat' dir='ltr'>solatium(</span> <span class='ocrx_word' id='word_1_73' title='bbox 1594 553 1676 590; x_wconf 78' lang='lat' dir='ltr'>quasi</span> <span class='ocrx_word' id='word_1_74' title='bbox 1701 553 1816 583; x_wconf 71' lang='lat' dir='ltr'>scilicet</span> 
     </span>
     <span class='ocr_line' id='line_1_9' title="bbox 311 604 1820 644; baseline -0.003 -6"><span class='ocrx_word' id='word_1_75' title='bbox 311 610 344 638; x_wconf 88' lang='lat' dir='ltr'>de</span> <span class='ocrx_word' id='word_1_76' title='bbox 365 609 498 644; x_wconf 84' lang='lat' dir='ltr'>nomine,</span> <span class='ocrx_word' id='word_1_77' title='bbox 522 616 581 637; x_wconf 89' lang='lat' dir='ltr'>non</span> <span class='ocrx_word' id='word_1_78' title='bbox 609 608 643 636; x_wconf 84' lang='lat' dir='ltr'>de</span> <span class='ocrx_word' id='word_1_79' title='bbox 666 616 694 636; x_wconf 84' lang='lat' dir='ltr'>re</span> <span class='ocrx_word' id='word_1_80' title='bbox 718 607 865 636; x_wconf 84' lang='lat' dir='ltr'>sollicitus</span> <span class='ocrx_word' id='word_1_81' title='bbox 889 615 990 636; x_wconf 86' lang='lat' dir='ltr'>essem.</span> <span class='ocrx_word' id='word_1_82' title='bbox 1031 606 1110 641; x_wconf 80' lang='lat' dir='ltr'>Sed,</span> <span class='ocrx_word' id='word_1_83' title='bbox 1130 613 1275 643; x_wconf 84' lang='lat' dir='ltr'>pergunt,</span> <span class='ocrx_word' id='word_1_84' title='bbox 1307 605 1390 635; x_wconf 89' lang='lat' dir='ltr'>dolor</span> <span class='ocrx_word' id='word_1_85' title='bbox 1413 613 1473 635; x_wconf 84' lang='lat' dir='ltr'>non</span> <span class='ocrx_word' id='word_1_86' title='bbox 1495 605 1551 634; x_wconf 87' lang='lat' dir='ltr'>nisi</span> <span class='ocrx_word' id='word_1_87' title='bbox 1572 604 1602 633; x_wconf 86' lang='lat' dir='ltr'>in</span> <span class='ocrx_word' id='word_1_88' title='bbox 1628 605 1757 643; x_wconf 72' lang='lat' dir='ltr'>opinione.</span> <span class='ocrx_word' id='word_1_89' title='bbox 1779 605 1820 633; x_wconf 84' lang='lat' dir='ltr'>si·</span> 
     </span>
     <span class='ocr_line' id='line_1_10' title="bbox 313 655 1819 696; baseline -0.003 -8"><span class='ocrx_word' id='word_1_90' title='bbox 313 667 361 688; x_wconf 88' lang='lat' dir='ltr'>tus</span> <span class='ocrx_word' id='word_1_91' title='bbox 386 666 441 689; x_wconf 84' lang='lat' dir='ltr'>est.</span> <span class='ocrx_word' id='word_1_92' title='bbox 488 658 569 696; x_wconf 86' lang='lat' dir='ltr'><strong>Quid</strong></span> <span class='ocrx_word' id='word_1_93' title='bbox 594 658 632 686; x_wconf 81' lang='lat' dir='ltr'>ita</span> <span class='ocrx_word' id='word_1_94' title='bbox 657 658 807 692; x_wconf 84' lang='lat' dir='ltr'>loquentes</span> <span class='ocrx_word' id='word_1_95' title='bbox 835 656 892 685; x_wconf 88' lang='lat' dir='ltr'>sibi</span> <span class='ocrx_word' id='word_1_96' title='bbox 917 655 1045 685; x_wconf 72' lang='lat' dir='ltr'>volunt?</span> <span class='ocrx_word' id='word_1_97' title='bbox 1074 655 1105 684; x_wconf 88' lang='lat' dir='ltr'>Si</span> <span class='ocrx_word' id='word_1_98' title='bbox 1126 665 1175 692; x_wconf 82' lang='lat' dir='ltr'>pet·</span> <span class='ocrx_word' id='word_1_99' title='bbox 1199 656 1364 691; x_wconf 71' lang='lat' dir='ltr'>opinionem</span> <span class='ocrx_word' id='word_1_100' title='bbox 1389 656 1554 692; x_wconf 72' lang='lat' dir='ltr'>intelligunt</span> <span class='ocrx_word' id='word_1_101' title='bbox 1579 656 1724 691; x_wconf 81' lang='lat' dir='ltr'>an&#39;tmum,</span> <span class='ocrx_word' id='word_1_102' title='bbox 1744 663 1819 691; x_wconf 87' lang='lat' dir='ltr'>cor,</span> 
     </span>
     <span class='ocr_line' id='line_1_11' title="bbox 317 707 1820 744; baseline -0.002 -5"><span class='ocrx_word' id='word_1_103' title='bbox 317 716 420 739; x_wconf 81' lang='lat' dir='ltr'>certam</span> <span class='ocrx_word' id='word_1_104' title='bbox 443 716 470 738; x_wconf 88' lang='lat' dir='ltr'>et</span> <span class='ocrx_word' id='word_1_105' title='bbox 494 717 586 738; x_wconf 83' lang='lat' dir='ltr'>veram</span> <span class='ocrx_word' id='word_1_106' title='bbox 612 708 847 744; x_wconf 84' lang='lat' dir='ltr'>persuasionem,</span> <span class='ocrx_word' id='word_1_107' title='bbox 869 707 1008 744; x_wconf 80' lang='lat' dir='ltr'>judicium</span> <span class='ocrx_word' id='word_1_108' title='bbox 1027 707 1108 742; x_wconf 85' lang='lat' dir='ltr'>quod</span> <span class='ocrx_word' id='word_1_109' title='bbox 1133 708 1292 737; x_wconf 82' lang='lat' dir='ltr'>secundum</span> <span class='ocrx_word' id='word_1_110' title='bbox 1317 707 1461 739; x_wconf 59' lang='lat' dir='ltr'>veritatem</span> <span class='ocrx_word' id='word_1_111' title='bbox 1488 707 1571 744; x_wconf 66' lang='grc' dir='ltr'>ἵει-ος</span> <span class='ocrx_word' id='word_1_112' title='bbox 1592 714 1619 736; x_wconf 93' lang='lat' dir='ltr'>et</span> <span class='ocrx_word' id='word_1_113' title='bbox 1641 715 1740 737; x_wconf 81' lang='lat' dir='ltr'>omnes</span> <span class='ocrx_word' id='word_1_114' title='bbox 1767 707 1820 736; x_wconf 88' lang='lat' dir='ltr'>ho·</span> 
     </span>
     <span class='ocr_line' id='line_1_12' title="bbox 315 757 1821 794; baseline -0.003 -5"><span class='ocrx_word' id='word_1_115' title='bbox 315 762 405 790; x_wconf 78' lang='lat' dir='ltr'>mines</span> <span class='ocrx_word' id='word_1_116' title='bbox 429 762 525 789; x_wconf 89' lang='lat' dir='ltr'>dicent</span> <span class='ocrx_word' id='word_1_117' title='bbox 548 767 658 788; x_wconf 83' lang='lat' dir='ltr'>omnem</span> <span class='ocrx_word' id='word_1_118' title='bbox 683 758 880 788; x_wconf 80' lang='lat' dir='ltr'>infelicitatem</span> <span class='ocrx_word' id='word_1_119' title='bbox 907 758 990 787; x_wconf 82' lang='lat' dir='ltr'>sitam</span> <span class='ocrx_word' id='word_1_120' title='bbox 1013 765 1075 786; x_wconf 88' lang='lat' dir='ltr'>esse</span> <span class='ocrx_word' id='word_1_121' title='bbox 1098 758 1128 786; x_wconf 87' lang='lat' dir='ltr'>in</span> <span class='ocrx_word' id='word_1_122' title='bbox 1155 758 1317 794; x_wconf 83' lang='lat' dir='ltr'>opinione,</span> <span class='ocrx_word' id='word_1_123' title='bbox 1336 757 1496 786; x_wconf 70' lang='lat' dir='ltr'>mistoici</span> <span class='ocrx_word' id='word_1_124' title='bbox 1518 758 1710 788; x_wconf 66' lang='lat' dir='ltr'>innovocem</span> <span class='ocrx_word' id='word_1_125' title='bbox 1731 759 1821 788; x_wconf 82' lang='lat' dir='ltr'>inter.</span> 
     </span>
     <span class='ocr_line' id='line_1_13' title="bbox 313 807 1821 848; baseline 0 -8"><span class='ocrx_word' id='word_1_126' title='bbox 313 818 483 848; x_wconf 80' lang='lat' dir='ltr'>pretantur,</span> <span class='ocrx_word' id='word_1_127' title='bbox 504 811 613 838; x_wconf 85' lang='lat' dir='ltr'>scilicet</span> <span class='ocrx_word' id='word_1_128' title='bbox 631 811 660 839; x_wconf 91' lang='lat' dir='ltr'>in</span> <span class='ocrx_word' id='word_1_129' title='bbox 678 809 763 838; x_wconf 84' lang='lat' dir='ltr'>animi</span> <span class='ocrx_word' id='word_1_130' title='bbox 783 809 936 845; x_wconf 82' lang='lat' dir='ltr'>cordisque</span> <span class='ocrx_word' id='word_1_131' title='bbox 961 807 1061 837; x_wconf 86' lang='lat' dir='ltr'>habitu</span> <span class='ocrx_word' id='word_1_132' title='bbox 1074 814 1101 836; x_wconf 87' lang='lat' dir='ltr'>et</span> <span class='ocrx_word' id='word_1_133' title='bbox 1121 809 1243 838; x_wconf 81' lang='lat' dir='ltr'>naturali</span> <span class='ocrx_word' id='word_1_134' title='bbox 1258 809 1443 838; x_wconf 79' lang='lat' dir='ltr'>conditione:</span> <span class='ocrx_word' id='word_1_135' title='bbox 1465 809 1535 838; x_wconf 88' lang='lat' dir='ltr'>adeo</span> <span class='ocrx_word' id='word_1_136' title='bbox 1551 815 1584 838; x_wconf 85' lang='lat' dir='ltr'>ut</span> <span class='ocrx_word' id='word_1_137' title='bbox 1601 810 1629 838; x_wconf 51' lang='lat' dir='ltr'>si*</span> <span class='ocrx_word' id='word_1_138' title='bbox 1644 810 1754 840; x_wconf 78' lang='lat' dir='ltr'>dicamt</span> <span class='ocrx_word' id='word_1_139' title='bbox 1775 810 1821 840; x_wconf 83' lang='lat' dir='ltr'>in·</span> 
     </span>
     <span class='ocr_line' id='line_1_14' title="bbox 317 856 1828 898; baseline 0.002 -7"><span class='ocrx_word' id='word_1_140' title='bbox 317 856 443 891; x_wconf 77' lang='lat' dir='ltr'>felicitas</span> <span class='ocrx_word' id='word_1_141' title='bbox 461 859 489 890; x_wconf 87' lang='lat' dir='ltr'>in</span> <span class='ocrx_word' id='word_1_142' title='bbox 517 862 654 898; x_wconf 86' lang='lat' dir='ltr'>opinione</span> <span class='ocrx_word' id='word_1_143' title='bbox 678 869 737 889; x_wconf 89' lang='lat' dir='ltr'>mea</span> <span class='ocrx_word' id='word_1_144' title='bbox 760 867 823 897; x_wconf 87' lang='lat' dir='ltr'>est;</span> <span class='ocrx_word' id='word_1_145' title='bbox 845 861 900 888; x_wconf 89' lang='lat' dir='ltr'>hoc</span> <span class='ocrx_word' id='word_1_146' title='bbox 926 861 1023 889; x_wconf 88' lang='lat' dir='ltr'>eodem</span> <span class='ocrx_word' id='word_1_147' title='bbox 1042 860 1165 898; x_wconf 86' lang='lat' dir='ltr'>redibit,</span> <span class='ocrx_word' id='word_1_148' title='bbox 1185 870 1217 891; x_wconf 86' lang='lat' dir='ltr'>ac</span> <span class='ocrx_word' id='word_1_149' title='bbox 1234 862 1260 892; x_wconf 76' lang='lat' dir='ltr'>si</span> <span class='ocrx_word' id='word_1_150' title='bbox 1277 862 1390 892; x_wconf 84' lang='lat' dir='ltr'>dicam:</span> <span class='ocrx_word' id='word_1_151' title='bbox 1418 862 1573 893; x_wconf 76' lang='lat' dir='ltr'>infelicitas</span> <span class='ocrx_word' id='word_1_152' title='bbox 1595 863 1628 893; x_wconf 89' lang='lat' dir='ltr'>in</span> <span class='ocrx_word' id='word_1_153' title='bbox 1644 864 1746 894; x_wconf 86' lang='lat' dir='ltr'>intimo</span> <span class='ocrx_word' id='word_1_154' title='bbox 1762 865 1828 894; x_wconf 79' lang='lat' dir='ltr'>ani·</span> 
     </span>
     <span class='ocr_line' id='line_1_15' title="bbox 319 913 1162 949; baseline -0.001 -6"><span class='ocrx_word' id='word_1_155' title='bbox 319 923 367 944; x_wconf 86' lang='lat' dir='ltr'>mo</span> <span class='ocrx_word' id='word_1_156' title='bbox 393 921 542 949; x_wconf 82' lang='lat' dir='ltr'>versatur,</span> <span class='ocrx_word' id='word_1_157' title='bbox 564 922 596 942; x_wconf 82' lang='lat' dir='ltr'>ex</span> <span class='ocrx_word' id='word_1_158' title='bbox 623 914 725 942; x_wconf 91' lang='lat' dir='ltr'>intimo</span> <span class='ocrx_word' id='word_1_159' title='bbox 749 913 843 942; x_wconf 87' lang='lat' dir='ltr'>animo</span> <span class='ocrx_word' id='word_1_160' title='bbox 867 913 953 941; x_wconf 81' lang='lat' dir='ltr'>dolor</span> <span class='ocrx_word' id='word_1_161' title='bbox 971 921 1016 941; x_wconf 88' lang='lat' dir='ltr'>me</span> <span class='ocrx_word' id='word_1_162' title='bbox 1041 913 1162 942; x_wconf 87' lang='lat' dir='ltr'>cruciat.</span> 
     </span>
    </p>
   </div>
   <div class='ocr_carea' id='block_1_3' title="bbox 318 963 1833 1258">
    <p class='ocr_par' dir='ltr' id='par_1_5' title="bbox 318 963 1826 1056">
     <span class='ocr_line' id='line_1_16' title="bbox 355 963 1826 1002; baseline 0.001 -7"><span class='ocrx_word' id='word_1_163' title='bbox 355 966 407 995; x_wconf 87' lang='lat' dir='ltr'>Sin</span> <span class='ocrx_word' id='word_1_164' title='bbox 429 974 497 994; x_wconf 92' lang='lat' dir='ltr'>vero</span> <span class='ocrx_word' id='word_1_165' title='bbox 524 965 616 994; x_wconf 79' lang='lat' dir='ltr'>Stoici</span> <span class='ocrx_word' id='word_1_166' title='bbox 644 964 809 1000; x_wconf 88' lang='lat' dir='ltr'>opinionem</span> <span class='ocrx_word' id='word_1_167' title='bbox 839 963 1007 1000; x_wconf 84' lang='lat' dir='ltr'>intelligunt</span> <span class='ocrx_word' id='word_1_168' title='bbox 1035 963 1138 993; x_wconf 85' lang='lat' dir='ltr'>falsam</span> <span class='ocrx_word' id='word_1_169' title='bbox 1165 963 1356 1001; x_wconf 81' lang='lat' dir='ltr'>sententiam,</span> <span class='ocrx_word' id='word_1_170' title='bbox 1377 972 1520 1002; x_wconf 78' lang='lat' dir='ltr'>ert-orem,</span> <span class='ocrx_word' id='word_1_171' title='bbox 1541 965 1636 997; x_wconf 81' lang='lat' dir='ltr'>fictam</span> <span class='ocrx_word' id='word_1_172' title='bbox 1660 971 1687 995; x_wconf 87' lang='lat' dir='ltr'>et</span> <span class='ocrx_word' id='word_1_173' title='bbox 1710 965 1826 996; x_wconf 79' lang='lat' dir='ltr'>inanem</span> 
     </span>
     <span class='ocr_line' id='line_1_17' title="bbox 318 1015 1175 1056; baseline -0.002 -9"><span class='ocrx_word' id='word_1_174' title='bbox 318 1018 559 1056; x_wconf 78' lang='lat' dir='ltr'>persuasionem,</span> <span class='ocrx_word' id='word_1_175' title='bbox 578 1023 697 1052; x_wconf 88' lang='lat' dir='ltr'>prorsus</span> <span class='ocrx_word' id='word_1_176' title='bbox 726 1016 805 1045; x_wconf 84' lang='lat' dir='ltr'>aliud</span> <span class='ocrx_word' id='word_1_177' title='bbox 828 1015 900 1051; x_wconf 89' lang='lat' dir='ltr'>quid</span> <span class='ocrx_word' id='word_1_178' title='bbox 922 1017 1100 1045; x_wconf 31' lang='lat' dir='ltr'>censendum*</span> <span class='ocrx_word' id='word_1_179' title='bbox 1118 1022 1175 1046; x_wconf 85' lang='lat' dir='ltr'>est.</span> 
     </span>
    </p>

    <p class='ocr_par' dir='ltr' id='par_1_6' title="bbox 320 1064 1833 1258">
     <span class='ocr_line' id='line_1_18' title="bbox 355 1064 1828 1103; baseline 0.001 -8"><span class='ocrx_word' id='word_1_180' title='bbox 355 1067 454 1096; x_wconf 86' lang='lat' dir='ltr'>Primo</span> <span class='ocrx_word' id='word_1_181' title='bbox 484 1067 599 1102; x_wconf 80' lang='lat' dir='ltr'>quidem</span> <span class='ocrx_word' id='word_1_182' title='bbox 627 1066 776 1101; x_wconf 88' lang='lat' dir='ltr'>quomodo</span> <span class='ocrx_word' id='word_1_183' title='bbox 810 1064 930 1101; x_wconf 71' lang='lat' dir='ltr'>Stoici,</span> <span class='ocrx_word' id='word_1_184' title='bbox 953 1067 1014 1103; x_wconf 18' lang='lat' dir='ltr'>qui,</span> <span class='ocrx_word' id='word_1_185' title='bbox 1034 1072 1163 1103; x_wconf 81' lang='lat' dir='ltr'>naturam</span> <span class='ocrx_word' id='word_1_186' title='bbox 1192 1074 1223 1095; x_wconf 86' lang='lat' dir='ltr'>se</span> <span class='ocrx_word' id='word_1_187' title='bbox 1248 1066 1332 1102; x_wconf 82' lang='lat' dir='ltr'>sequi</span> <span class='ocrx_word' id='word_1_188' title='bbox 1352 1066 1564 1102; x_wconf 78' lang='lat' dir='ltr'>profitebantur</span> <span class='ocrx_word' id='word_1_189' title='bbox 1590 1066 1700 1103; x_wconf 83' lang='lat' dir='ltr'>quique</span> <span class='ocrx_word' id='word_1_190' title='bbox 1722 1074 1828 1098; x_wconf 73' lang='lat' dir='ltr'>vocent</span> 
     </span>
     <span class='ocr_line' id='line_1_19' title="bbox 320 1116 1830 1156; baseline 0.001 -8"><span class='ocrx_word' id='word_1_191' title='bbox 320 1125 437 1152; x_wconf 84' lang='lat' dir='ltr'>naturae</span> <span class='ocrx_word' id='word_1_192' title='bbox 462 1116 792 1155; x_wconf 20' lang='lat' dir='ltr'>petendamvcensebant</span> <span class='ocrx_word' id='word_1_193' title='bbox 820 1124 836 1145; x_wconf 91' lang='lat' dir='ltr'>a</span> <span class='ocrx_word' id='word_1_194' title='bbox 860 1123 963 1146; x_wconf 84' lang='lat' dir='ltr'>natura</span> <span class='ocrx_word' id='word_1_195' title='bbox 988 1117 1157 1154; x_wconf 83' lang='lat' dir='ltr'>incorrupta</span> <span class='ocrx_word' id='word_1_196' title='bbox 1179 1125 1206 1149; x_wconf 87' lang='lat' dir='ltr'>et</span> <span class='ocrx_word' id='word_1_197' title='bbox 1232 1119 1554 1156; x_wconf 73' lang='lat' dir='ltr'>nondumdepravata,</span> <span class='ocrx_word' id='word_1_198' title='bbox 1580 1118 1616 1147; x_wconf 85' lang='lat' dir='ltr'>ab</span> <span class='ocrx_word' id='word_1_199' title='bbox 1639 1119 1830 1156; x_wconf 84' lang='lat' dir='ltr'>animalibus,</span> 
     </span>
     <span class='ocr_line' id='line_1_20' title="bbox 328 1163 1831 1206; baseline 0.002 -10"><span class='ocrx_word' id='word_1_200' title='bbox 328 1166 362 1196; x_wconf 86' lang='lat' dir='ltr'>ab</span> <span class='ocrx_word' id='word_1_201' title='bbox 381 1163 543 1198; x_wconf 76' lang='lat' dir='ltr'>infantibus</span> <span class='ocrx_word' id='word_1_202' title='bbox 555 1188 569 1204; x_wconf 26' lang='lat'>,1</span> <span class='ocrx_word' id='word_1_203' title='bbox 589 1168 738 1204; x_wconf 83' lang='lat' dir='ltr'>quomodo</span> <span class='ocrx_word' id='word_1_204' title='bbox 762 1173 925 1196; x_wconf 86' lang='lat' dir='ltr'>statuerunt</span> <span class='ocrx_word' id='word_1_205' title='bbox 947 1169 1019 1198; x_wconf 87' lang='lat' dir='ltr'>mala</span> <span class='ocrx_word' id='word_1_206' title='bbox 1037 1170 1236 1198; x_wconf 84' lang='lat' dir='ltr'>tantummodo</span> <span class='ocrx_word' id='word_1_207' title='bbox 1257 1170 1286 1199; x_wconf 89' lang='lat' dir='ltr'>in</span> <span class='ocrx_word' id='word_1_208' title='bbox 1308 1178 1438 1206; x_wconf 85' lang='lat' dir='ltr'>perversa</span> <span class='ocrx_word' id='word_1_209' title='bbox 1453 1169 1586 1206; x_wconf 78' lang='lat' dir='ltr'>falsaque</span> <span class='ocrx_word' id='word_1_210' title='bbox 1599 1170 1736 1206; x_wconf 83' lang='lat' dir='ltr'>opinione</span> <span class='ocrx_word' id='word_1_211' title='bbox 1754 1170 1831 1200; x_wconf 68' lang='lat' dir='ltr'>malz</span> 
     </span>
     <span class='ocr_line' id='line_1_21' title="bbox 324 1219 1833 1258; baseline 0.001 -9"><span class='ocrx_word' id='word_1_212' title='bbox 324 1220 408 1249; x_wconf 73' lang='lat' dir='ltr'>esse?</span> <span class='ocrx_word' id='word_1_213' title='bbox 445 1220 529 1249; x_wconf 85' lang='lat' dir='ltr'>Hanc</span> <span class='ocrx_word' id='word_1_214' title='bbox 561 1219 727 1248; x_wconf 87' lang='lat' dir='ltr'>sententiam</span> <span class='ocrx_word' id='word_1_215' title='bbox 759 1219 890 1255; x_wconf 89' lang='lat' dir='ltr'>profecto</span> <span class='ocrx_word' id='word_1_216' title='bbox 919 1227 978 1248; x_wconf 87' lang='lat' dir='ltr'>non</span> <span class='ocrx_word' id='word_1_217' title='bbox 1002 1229 1017 1248; x_wconf 85' lang='lat' dir='ltr'>a</span> <span class='ocrx_word' id='word_1_218' title='bbox 1038 1227 1138 1250; x_wconf 88' lang='lat' dir='ltr'>natura</span> <span class='ocrx_word' id='word_1_219' title='bbox 1162 1227 1353 1257; x_wconf 82' lang='lat' dir='ltr'>acceperunt,</span> <span class='ocrx_word' id='word_1_220' title='bbox 1381 1221 1468 1257; x_wconf 88' lang='lat' dir='ltr'>idque</span> <span class='ocrx_word' id='word_1_221' title='bbox 1495 1226 1614 1258; x_wconf 84' lang='lat' dir='ltr'>apparet</span> <span class='ocrx_word' id='word_1_222' title='bbox 1637 1228 1672 1251; x_wconf 81' lang='lat' dir='ltr'>ex</span> <span class='ocrx_word' id='word_1_223' title='bbox 1703 1220 1833 1250; x_wconf 81' lang='lat' dir='ltr'>homini·</span> 
     </span>
    </p>
   </div>
   <div class='ocr_carea' id='block_1_4' title="bbox 325 1269 1836 1359">
    <p class='ocr_par' dir='ltr' id='par_1_7' title="bbox 325 1269 1836 1359">
     <span class='ocr_line' id='line_1_22' title="bbox 329 1269 1836 1309; baseline 0 -11"><span class='ocrx_word' id='word_1_224' title='bbox 329 1270 405 1306; x_wconf 84' lang='lat' dir='ltr'>bus,</span> <span class='ocrx_word' id='word_1_225' title='bbox 427 1278 552 1306; x_wconf 86' lang='lat' dir='ltr'>quorum</span> <span class='ocrx_word' id='word_1_226' title='bbox 581 1269 668 1297; x_wconf 83' lang='lat' dir='ltr'>animi</span> <span class='ocrx_word' id='word_1_227' title='bbox 695 1275 743 1298; x_wconf 90' lang='lat' dir='ltr'>aut</span> <span class='ocrx_word' id='word_1_228' title='bbox 764 1269 864 1305; x_wconf 85' lang='lat' dir='ltr'>potius</span> <span class='ocrx_word' id='word_1_229' title='bbox 885 1269 998 1305; x_wconf 82' lang='lat' dir='ltr'>ingenia</span> <span class='ocrx_word' id='word_1_230' title='bbox 1017 1271 1145 1300; x_wconf 87' lang='lat' dir='ltr'>nondum</span> <span class='ocrx_word' id='word_1_231' title='bbox 1174 1271 1388 1309; x_wconf 83' lang='lat' dir='ltr'>philosophicis</span> <span class='ocrx_word' id='word_1_232' title='bbox 1409 1271 1555 1300; x_wconf 87' lang='lat' dir='ltr'>erroribus</span> <span class='ocrx_word' id='word_1_233' title='bbox 1581 1272 1715 1309; x_wconf 84' lang='lat' dir='ltr'>perplexa</span> <span class='ocrx_word' id='word_1_234' title='bbox 1738 1269 1836 1308; x_wconf 49' lang='lat' dir='ltr'>sunt,</span> 
     </span>
     <span class='ocr_line' id='line_1_23' title="bbox 325 1319 1834 1359; baseline 0.001 -10"><span class='ocrx_word' id='word_1_235' title='bbox 325 1321 434 1357; x_wconf 82' lang='lat' dir='ltr'>quique</span> <span class='ocrx_word' id='word_1_236' title='bbox 457 1330 516 1351; x_wconf 86' lang='lat' dir='ltr'>non</span> <span class='ocrx_word' id='word_1_237' title='bbox 539 1326 664 1356; x_wconf 83' lang='lat' dir='ltr'>systema</span> <span class='ocrx_word' id='word_1_238' title='bbox 687 1320 828 1355; x_wconf 84' lang='lat' dir='ltr'>quoddam</span> <span class='ocrx_word' id='word_1_239' title='bbox 847 1319 1052 1349; x_wconf 86' lang='lat' dir='ltr'>defendendum</span> <span class='ocrx_word' id='word_1_240' title='bbox 1076 1321 1192 1352; x_wconf 81' lang='lat' dir='ltr'>habent.</span> <span class='ocrx_word' id='word_1_241' title='bbox 1233 1322 1272 1351; x_wconf 88' lang='lat' dir='ltr'>Hi</span> <span class='ocrx_word' id='word_1_242' title='bbox 1290 1322 1384 1350; x_wconf 88' lang='lat' dir='ltr'>luctui</span> <span class='ocrx_word' id='word_1_243' title='bbox 1402 1329 1434 1350; x_wconf 89' lang='lat' dir='ltr'>se</span> <span class='ocrx_word' id='word_1_244' title='bbox 1452 1322 1618 1359; x_wconf 83' lang='lat' dir='ltr'>indulgent,</span> <span class='ocrx_word' id='word_1_245' title='bbox 1637 1328 1686 1358; x_wconf 86' lang='lat' dir='ltr'>et,</span> <span class='ocrx_word' id='word_1_246' title='bbox 1707 1322 1733 1351; x_wconf 84' lang='lat' dir='ltr'>si</span> <span class='ocrx_word' id='word_1_247' title='bbox 1750 1322 1834 1351; x_wconf 81' lang='lat' dir='ltr'>hunc</span> 
     </span>
    </p>
   </div>
   <div class='ocr_carea' id='block_1_5' title="bbox 323 1364 1846 2032">
    <p class='ocr_par' dir='ltr' id='par_1_8' title="bbox 323 1364 1842 1766">
     <span class='ocr_line' id='line_1_24' title="bbox 325 1364 1836 1408; baseline 0 -6"><span class='ocrx_word' id='word_1_248' title='bbox 325 1368 444 1408; x_wconf 76' lang='lat' dir='ltr'>luctum</span> <span class='ocrx_word' id='word_1_249' title='bbox 467 1380 589 1400; x_wconf 85' lang='lat' dir='ltr'>errorem</span> <span class='ocrx_word' id='word_1_250' title='bbox 617 1364 723 1407; x_wconf 82' lang='lat' dir='ltr'>vocas,</span> <span class='ocrx_word' id='word_1_251' title='bbox 754 1371 826 1399; x_wconf 84' lang='lat' dir='ltr'>hanc</span> <span class='ocrx_word' id='word_1_252' title='bbox 857 1371 1025 1400; x_wconf 81' lang='lat' dir='ltr'>sententiam</span> <span class='ocrx_word' id='word_1_253' title='bbox 1053 1373 1193 1401; x_wconf 84' lang='lat' dir='ltr'>crudelem</span> <span class='ocrx_word' id='word_1_254' title='bbox 1221 1378 1248 1400; x_wconf 91' lang='lat' dir='ltr'>et</span> <span class='ocrx_word' id='word_1_255' title='bbox 1277 1372 1425 1401; x_wconf 84' lang='lat' dir='ltr'>ridiculam</span> <span class='ocrx_word' id='word_1_256' title='bbox 1458 1372 1565 1401; x_wconf 88' lang='lat' dir='ltr'>dicent.</span> <span class='ocrx_word' id='word_1_257' title='bbox 1612 1372 1667 1401; x_wconf 85' lang='lat' dir='ltr'>Sed</span> <span class='ocrx_word' id='word_1_258' title='bbox 1690 1373 1836 1402; x_wconf 74' lang='lat' dir='ltr'>conceda-</span> 
     </span>
     <span class='ocr_line' id='line_1_25' title="bbox 323 1420 1832 1461; baseline -0.001 -8"><span class='ocrx_word' id='word_1_259' title='bbox 323 1420 621 1459; x_wconf 75' lang='lat' dir='ltr'>mus,&#39;in&#39;fe1icitatem</span> <span class='ocrx_word' id='word_1_260' title='bbox 649 1422 680 1450; x_wconf 88' lang='lat' dir='ltr'>in</span> <span class='ocrx_word' id='word_1_261' title='bbox 704 1429 836 1457; x_wconf 85' lang='lat' dir='ltr'>perversa</span> <span class='ocrx_word' id='word_1_262' title='bbox 865 1422 1001 1457; x_wconf 79' lang='lat' dir='ltr'>opinione</span> <span class='ocrx_word' id='word_1_263' title='bbox 1026 1423 1108 1452; x_wconf 85' lang='lat' dir='ltr'>sitam</span> <span class='ocrx_word' id='word_1_264' title='bbox 1132 1431 1206 1452; x_wconf 84' lang='lat' dir='ltr'>esse.</span> <span class='ocrx_word' id='word_1_265' title='bbox 1227 1439 1264 1445; x_wconf 93' lang='lat'>—</span> <span class='ocrx_word' id='word_1_266' title='bbox 1290 1423 1432 1461; x_wconf 86' lang='lat' dir='ltr'>Quamvis</span> <span class='ocrx_word' id='word_1_267' title='bbox 1457 1423 1571 1451; x_wconf 83' lang='lat' dir='ltr'>animus</span> <span class='ocrx_word' id='word_1_268' title='bbox 1595 1423 1641 1451; x_wconf 83' lang='lat' dir='ltr'>his</span> <span class='ocrx_word' id='word_1_269' title='bbox 1669 1429 1832 1460; x_wconf 81' lang='lat' dir='ltr'>repugnet,</span> 
     </span>
     <span class='ocr_line' id='line_1_26' title="bbox 327 1473 1837 1510; baseline 0.001 -6"><span class='ocrx_word' id='word_1_270' title='bbox 327 1482 423 1504; x_wconf 79' lang='lat' dir='ltr'>tamen</span> <span class='ocrx_word' id='word_1_271' title='bbox 459 1481 548 1503; x_wconf 87' lang='lat' dir='ltr'>errare</span> <span class='ocrx_word' id='word_1_272' title='bbox 574 1479 683 1510; x_wconf 86' lang='lat' dir='ltr'>potest.</span> <span class='ocrx_word' id='word_1_273' title='bbox 732 1473 772 1501; x_wconf 91' lang='lat' dir='ltr'>At</span> <span class='ocrx_word' id='word_1_274' title='bbox 798 1473 824 1501; x_wconf 85' lang='lat' dir='ltr'>si</span> <span class='ocrx_word' id='word_1_275' title='bbox 851 1473 927 1502; x_wconf 86' lang='lat' dir='ltr'>hunc</span> <span class='ocrx_word' id='word_1_276' title='bbox 959 1482 1080 1503; x_wconf 83' lang='lat' dir='ltr'>errorem</span> <span class='ocrx_word' id='word_1_277' title='bbox 1113 1474 1214 1504; x_wconf 88' lang='lat' dir='ltr'>tollere</span> <span class='ocrx_word' id='word_1_278' title='bbox 1245 1473 1367 1509; x_wconf 87' lang='lat' dir='ltr'>volens,</span> <span class='ocrx_word' id='word_1_279' title='bbox 1398 1473 1561 1502; x_wconf 77' lang='lat' dir='ltr'>Stoicorum</span> <span class='ocrx_word' id='word_1_280' title='bbox 1586 1473 1712 1502; x_wconf 86' lang='lat' dir='ltr'>scholam</span> <span class='ocrx_word' id='word_1_281' title='bbox 1740 1474 1837 1510; x_wconf 79' lang='lat' dir='ltr'>adeo,</span> 
     </span>
     <span class='ocr_line' id='line_1_27' title="bbox 327 1523 1842 1562; baseline -0.001 -7"><span class='ocrx_word' id='word_1_282' title='bbox 327 1525 473 1562; x_wconf 85' lang='lat' dir='ltr'>quomodo</span> <span class='ocrx_word' id='word_1_283' title='bbox 495 1532 615 1553; x_wconf 85' lang='lat' dir='ltr'>errorem</span> <span class='ocrx_word' id='word_1_284' title='bbox 645 1523 794 1552; x_wconf 76' lang='lat' dir='ltr'>evellunt?</span> <span class='ocrx_word' id='word_1_285' title='bbox 824 1525 906 1559; x_wconf 86' lang='lat' dir='ltr'>quale</span> <span class='ocrx_word' id='word_1_286' title='bbox 925 1525 992 1554; x_wconf 89' lang='lat' dir='ltr'>huic</span> <span class='ocrx_word' id='word_1_287' title='bbox 1013 1526 1116 1555; x_wconf 89' lang='lat' dir='ltr'>morbo</span> <span class='ocrx_word' id='word_1_288' title='bbox 1141 1524 1293 1554; x_wconf 87' lang='lat' dir='ltr'>remedium</span> <span class='ocrx_word' id='word_1_289' title='bbox 1315 1524 1477 1561; x_wconf 77' lang='lat' dir='ltr'>praebent?</span> <span class='ocrx_word' id='word_1_290' title='bbox 1513 1523 1692 1560; x_wconf 86' lang='lat' dir='ltr'>Loquuntur</span> <span class='ocrx_word' id='word_1_291' title='bbox 1712 1525 1747 1553; x_wconf 88' lang='lat' dir='ltr'>de</span> <span class='ocrx_word' id='word_1_292' title='bbox 1775 1523 1842 1554; x_wconf 58' lang='lat' dir='ltr'>fot*</span> 
     </span>
     <span class='ocr_line' id='line_1_28' title="bbox 334 1575 1839 1614; baseline -0.001 -8"><span class='ocrx_word' id='word_1_293' title='bbox 334 1577 466 1606; x_wconf 73' lang='lat' dir='ltr'>titudinis</span> <span class='ocrx_word' id='word_1_294' title='bbox 484 1576 655 1613; x_wconf 83' lang='lat' dir='ltr'>praestantia</span> <span class='ocrx_word' id='word_1_295' title='bbox 673 1583 700 1604; x_wconf 92' lang='lat' dir='ltr'>et</span> <span class='ocrx_word' id='word_1_296' title='bbox 720 1576 944 1612; x_wconf 80' lang='lat' dir='ltr'>pulchritudine.</span> <span class='ocrx_word' id='word_1_297' title='bbox 986 1578 1039 1606; x_wconf 84' lang='lat' dir='ltr'>Sed</span> <span class='ocrx_word' id='word_1_298' title='bbox 1064 1578 1131 1614; x_wconf 84' lang='lat' dir='ltr'>qnid</span> <span class='ocrx_word' id='word_1_299' title='bbox 1151 1576 1236 1606; x_wconf 79' lang='lat' dir='ltr'>refert</span> <span class='ocrx_word' id='word_1_300' title='bbox 1258 1576 1325 1604; x_wconf 86' lang='lat' dir='ltr'>haec</span> <span class='ocrx_word' id='word_1_301' title='bbox 1346 1575 1481 1604; x_wconf 86' lang='lat' dir='ltr'>sublimia</span> <span class='ocrx_word' id='word_1_302' title='bbox 1496 1576 1667 1611; x_wconf 84' lang='lat' dir='ltr'>ostendere,</span> <span class='ocrx_word' id='word_1_303' title='bbox 1687 1575 1755 1604; x_wconf 85' lang='lat' dir='ltr'>dum</span> <span class='ocrx_word' id='word_1_304' title='bbox 1774 1582 1839 1604; x_wconf 77' lang='lat' dir='ltr'>non</span> 
     </span>
     <span class='ocr_line' id='line_1_29' title="bbox 331 1625 1838 1666; baseline -0.003 -8"><span class='ocrx_word' id='word_1_305' title='bbox 331 1629 434 1658; x_wconf 82' lang='lat' dir='ltr'>docent</span> <span class='ocrx_word' id='word_1_306' title='bbox 458 1626 605 1664; x_wconf 84' lang='lat' dir='ltr'>quomodo</span> <span class='ocrx_word' id='word_1_307' title='bbox 622 1627 656 1655; x_wconf 87' lang='lat' dir='ltr'>ad</span> <span class='ocrx_word' id='word_1_308' title='bbox 681 1634 712 1654; x_wconf 87' lang='lat' dir='ltr'>ea</span> <span class='ocrx_word' id='word_1_309' title='bbox 739 1627 943 1663; x_wconf 73' lang='lat' dir='ltr'>perveniatur?</span> <span class='ocrx_word' id='word_1_310' title='bbox 969 1628 1064 1666; x_wconf 87' lang='lat' dir='ltr'>Quare</span> <span class='ocrx_word' id='word_1_311' title='bbox 1079 1629 1105 1657; x_wconf 90' lang='lat' dir='ltr'>si</span> <span class='ocrx_word' id='word_1_312' title='bbox 1121 1627 1287 1664; x_wconf 89' lang='lat' dir='ltr'>opinionem</span> <span class='ocrx_word' id='word_1_313' title='bbox 1311 1625 1476 1662; x_wconf 85' lang='lat' dir='ltr'>intelligunt</span> <span class='ocrx_word' id='word_1_314' title='bbox 1496 1626 1626 1655; x_wconf 78' lang='lat' dir='ltr'>habitum</span> <span class='ocrx_word' id='word_1_315' title='bbox 1645 1627 1759 1660; x_wconf 77' lang='lat' dir='ltr'>am‘mi,</span> <span class='ocrx_word' id='word_1_316' title='bbox 1778 1625 1838 1654; x_wconf 88' lang='lat' dir='ltr'>tol-</span> 
     </span>
     <span class='ocr_line' id='line_1_30' title="bbox 334 1676 1836 1716; baseline -0.003 -8"><span class='ocrx_word' id='word_1_317' title='bbox 334 1681 392 1709; x_wconf 82' lang='lat' dir='ltr'>lant</span> <span class='ocrx_word' id='word_1_318' title='bbox 419 1679 495 1707; x_wconf 79' lang='lat' dir='ltr'>hunc</span> <span class='ocrx_word' id='word_1_319' title='bbox 521 1678 670 1707; x_wconf 81' lang='lat' dir='ltr'>habitum:</span> <span class='ocrx_word' id='word_1_320' title='bbox 703 1678 749 1707; x_wconf 85' lang='lat' dir='ltr'>sin</span> <span class='ocrx_word' id='word_1_321' title='bbox 776 1686 843 1707; x_wconf 87' lang='lat' dir='ltr'>vero</span> <span class='ocrx_word' id='word_1_322' title='bbox 868 1677 1034 1716; x_wconf 77' lang='lat' dir='ltr'>intelligunt</span> <span class='ocrx_word' id='word_1_323' title='bbox 1058 1687 1208 1713; x_wconf 75' lang='lat' dir='ltr'>errorem,</span> <span class='ocrx_word' id='word_1_324' title='bbox 1236 1677 1390 1706; x_wconf 86' lang='lat' dir='ltr'>ostendant</span> <span class='ocrx_word' id='word_1_325' title='bbox 1407 1676 1601 1706; x_wconf 84' lang='lat' dir='ltr'>infelicitatem</span> <span class='ocrx_word' id='word_1_326' title='bbox 1619 1684 1676 1704; x_wconf 79' lang='lat' dir='ltr'>esse</span> <span class='ocrx_word' id='word_1_327' title='bbox 1692 1682 1836 1711; x_wconf 85' lang='lat' dir='ltr'>errorem,</span> 
     </span>
     <span class='ocr_line' id='line_1_31' title="bbox 330 1724 780 1766; baseline -0.004 -6"><span class='ocrx_word' id='word_1_328' title='bbox 330 1724 510 1766; x_wconf 69' lang='lat' dir='ltr'>erroremque</span> <span class='ocrx_word' id='word_1_329' title='bbox 531 1729 642 1757; x_wconf 82' lang='lat' dir='ltr'>solatiis</span> <span class='ocrx_word' id='word_1_330' title='bbox 666 1729 780 1759; x_wconf 85' lang='lat' dir='ltr'>tollant.</span> 
     </span>
    </p>

    <p class='ocr_par' dir='ltr' id='par_1_9' title="bbox 333 1777 1846 1920">
     <span class='ocr_line' id='line_1_32' title="bbox 374 1777 1846 1819; baseline -0.001 -10"><span class='ocrx_word' id='word_1_331' title='bbox 374 1778 416 1810; x_wconf 68' lang='grc' dir='ltr'>Μ’</span> <span class='ocrx_word' id='word_1_332' title='bbox 433 1787 526 1809; x_wconf 83' lang='lat' dir='ltr'>tamen</span> <span class='ocrx_word' id='word_1_333' title='bbox 549 1787 608 1807; x_wconf 85' lang='lat' dir='ltr'>non</span> <span class='ocrx_word' id='word_1_334' title='bbox 636 1779 692 1807; x_wconf 88' lang='lat' dir='ltr'>nisi</span> <span class='ocrx_word' id='word_1_335' title='bbox 719 1780 903 1810; x_wconf 79' lang='lat' dir='ltr'>declamando</span> <span class='ocrx_word' id='word_1_336' title='bbox 928 1788 957 1811; x_wconf 87' lang='lat' dir='ltr'>et</span> <span class='ocrx_word' id='word_1_337' title='bbox 980 1781 1159 1819; x_wconf 76' lang='lat' dir='ltr'>syllogismis</span> <span class='ocrx_word' id='word_1_338' title='bbox 1186 1780 1329 1810; x_wconf 84' lang='lat' dir='ltr'>struendis</span> <span class='ocrx_word' id='word_1_339' title='bbox 1353 1780 1483 1809; x_wconf 84' lang='lat' dir='ltr'>evincere</span> <span class='ocrx_word' id='word_1_340' title='bbox 1504 1783 1646 1807; x_wconf 77' lang='lat' dir='ltr'>conantur</span> <span class='ocrx_word' id='word_1_341' title='bbox 1664 1777 1778 1815; x_wconf 77' lang='lat' dir='ltr'>Stoici3</span> <span class='ocrx_word' id='word_1_342' title='bbox 1798 1782 1846 1808; x_wconf 63' lang='lat' dir='ltr'>nt-</span> 
     </span>
     <span class='ocr_line' id='line_1_33' title="bbox 333 1829 1846 1868; baseline 0.001 -11"><span class='ocrx_word' id='word_1_343' title='bbox 333 1839 389 1866; x_wconf 75' lang='lat' dir='ltr'>qne</span> <span class='ocrx_word' id='word_1_344' title='bbox 411 1831 450 1865; x_wconf 80' lang='lat' dir='ltr'>ii,</span> <span class='ocrx_word' id='word_1_345' title='bbox 471 1829 522 1866; x_wconf 84' lang='lat' dir='ltr'>qui</span> <span class='ocrx_word' id='word_1_346' title='bbox 545 1829 688 1858; x_wconf 77' lang='lat' dir='ltr'>adversam</span> <span class='ocrx_word' id='word_1_347' title='bbox 713 1829 857 1860; x_wconf 82' lang='lat' dir='ltr'>fortunam</span> <span class='ocrx_word' id='word_1_348' title='bbox 886 1841 944 1861; x_wconf 90' lang='lat' dir='ltr'>non</span> <span class='ocrx_word' id='word_1_349' title='bbox 972 1833 1028 1862; x_wconf 89' lang='lat' dir='ltr'>nisi</span> <span class='ocrx_word' id='word_1_350' title='bbox 1053 1842 1086 1862; x_wconf 82' lang='lat' dir='ltr'>ex</span> <span class='ocrx_word' id='word_1_351' title='bbox 1114 1832 1195 1862; x_wconf 89' lang='lat' dir='ltr'>libris</span> <span class='ocrx_word' id='word_1_352' title='bbox 1221 1837 1422 1868; x_wconf 83' lang='lat' dir='ltr'>cognoscunt,</span> <span class='ocrx_word' id='word_1_353' title='bbox 1444 1830 1553 1866; x_wconf 88' lang='lat' dir='ltr'>quique</span> <span class='ocrx_word' id='word_1_354' title='bbox 1578 1830 1744 1858; x_wconf 82' lang='lat' dir='ltr'>Stoicorum</span> <span class='ocrx_word' id='word_1_355' title='bbox 1771 1829 1846 1858; x_wconf 81' lang='lat' dir='ltr'>doc·</span> 
     </span>
     <span class='ocr_line' id='line_1_34' title="bbox 338 1878 1845 1920; baseline -0.002 -10"><span class='ocrx_word' id='word_1_356' title='bbox 338 1883 434 1910; x_wconf 75' lang='lat' dir='ltr'>trinam</span> <span class='ocrx_word' id='word_1_357' title='bbox 464 1881 552 1917; x_wconf 82' lang='lat' dir='ltr'>tnagis</span> <span class='ocrx_word' id='word_1_358' title='bbox 571 1879 700 1909; x_wconf 83' lang='lat' dir='ltr'>discendi</span> <span class='ocrx_word' id='word_1_359' title='bbox 726 1889 809 1915; x_wconf 78' lang='lat' dir='ltr'>quam</span> <span class='ocrx_word' id='word_1_360' title='bbox 839 1883 934 1910; x_wconf 80' lang='lat' dir='ltr'>solatii</span> <span class='ocrx_word' id='word_1_361' title='bbox 954 1891 1039 1912; x_wconf 81' lang='lat' dir='ltr'>causa</span> <span class='ocrx_word' id='word_1_362' title='bbox 1069 1884 1185 1920; x_wconf 82' lang='lat' dir='ltr'>legunt,</span> <span class='ocrx_word' id='word_1_363' title='bbox 1207 1882 1326 1912; x_wconf 77' lang='lat' dir='ltr'>Stoicos</span> <span class='ocrx_word' id='word_1_364' title='bbox 1351 1889 1506 1917; x_wconf 88' lang='lat' dir='ltr'>eorumque</span> <span class='ocrx_word' id='word_1_365' title='bbox 1530 1885 1677 1917; x_wconf 81' lang='lat' dir='ltr'>praecepta</span> <span class='ocrx_word' id='word_1_366' title='bbox 1694 1880 1729 1910; x_wconf 87' lang='lat' dir='ltr'>de</span> <span class='ocrx_word' id='word_1_367' title='bbox 1750 1878 1845 1909; x_wconf 78' lang='lat' dir='ltr'>animi·</span> 
     </span>
    </p>

    <p class='ocr_par' dir='ltr' id='par_1_10' title="bbox 1765 1938 1844 1967">
     <span class='ocr_line' id='line_1_35' title="bbox 1765 1938 1844 1967; baseline 0 -7"><span class='ocrx_word' id='word_1_368' title='bbox 1765 1938 1844 1967; x_wconf 68' lang='lat' dir='ltr'>mag-</span> 
     </span>
    </p>

    <p class='ocr_par' dir='ltr' id='par_1_11' title="bbox 368 1993 1456 2032">
     <span class='ocr_line' id='line_1_36' title="bbox 368 1993 1456 2032; baseline 0.005 -13"><span class='ocrx_word' id='word_1_369' title='bbox 368 1995 404 2030; x_wconf 72' lang='lat' dir='ltr'>(i</span> <span class='ocrx_word' id='word_1_370' title='bbox 417 1994 437 2027; x_wconf 61' lang='lat'>3,</span> <span class='ocrx_word' id='word_1_371' title='bbox 453 1995 489 2020; x_wconf 74' lang='lat' dir='ltr'>lta</span> <span class='ocrx_word' id='word_1_372' title='bbox 505 2001 540 2019; x_wconf 59' lang='lat' dir='ltr'>ese</span> <span class='ocrx_word' id='word_1_373' title='bbox 557 1993 701 2020; x_wconf 73' lang='lat' dir='ltr'>Stoicorum</span> <span class='ocrx_word' id='word_1_374' title='bbox 721 2002 803 2021; x_wconf 72' lang='lat' dir='ltr'>mente</span> <span class='ocrx_word' id='word_1_375' title='bbox 824 1996 854 2021; x_wconf 86' lang='lat' dir='ltr'>dc</span> <span class='ocrx_word' id='word_1_376' title='bbox 873 1997 960 2023; x_wconf 80' lang='lat' dir='ltr'>dolore</span> <span class='ocrx_word' id='word_1_377' title='bbox 979 1997 1074 2030; x_wconf 74' lang='lat' dir='ltr'>judicat</span> <span class='ocrx_word' id='word_1_378' title='bbox 1096 1999 1155 2026; x_wconf 85' lang='lat' dir='ltr'>Cic.</span> <span class='ocrx_word' id='word_1_379' title='bbox 1174 1998 1252 2026; x_wconf 71' lang='lat' dir='ltr'>Tuae.</span> <span class='ocrx_word' id='word_1_380' title='bbox 1271 1999 1323 2032; x_wconf 90' lang='lat' dir='ltr'>Qu.</span> <span class='ocrx_word' id='word_1_381' title='bbox 1343 1996 1393 2024; x_wconf 89' lang='lat'><em>111.</em></span> <span class='ocrx_word' id='word_1_382' title='bbox 1411 1996 1456 2028; x_wconf 67' lang='lat'>26]</span> 
     </span>
    </p>
   </div>
  </div>
 </body>
</html>
