1946 2517
308 179 351 217 45
723 172 1064 205 oneratam
1122 170 1424 203 DELPRAT

355 260 412 290 Sed
437 266 537 293 nonne
562 264 661 288 contra
682 265 782 287 sanam
799 264 930 286 mentem
955 261 1031 285 esset
1055 255 1218 285 Stoicorum
1244 255 1395 284 remedium
1422 255 1555 286 ἅπαθεΙαν
1582 255 1728 292 adhibere,
1750 257 1819 288 dum

312 313 409 344 multo
433 311 559 340 faciliora
587 317 645 339 non
669 310 784 344 solum,
817 309 866 336 sed
888 314 915 335 et
942 306 1034 334 multo
1065 306 1154 342 magis
1183 315 1244 334 vera
1271 313 1297 334 et
1322 306 1444 334 efficacia
1467 307 1585 335 remedia
1606 308 1693 337 nobis
1712 317 1822 345 propo·

317 364 455 396 nuntur?
496 362 545 390 sic
573 361 658 389 homo
682 365 783 388 contra
809 360 948 387 rationem
973 364 1085 394 ageret,
1107 357 1158 393 qui
1183 366 1248 386 cum
1274 358 1386 392 brevis,
1408 358 1549 394 pulchra,
1570 364 1644 387 certa
1670 358 1822 396 facilisque

314 417 340 445 ei
359 415 554 444 ostenderetur
575 413 644 447 via,
666 417 758 440 tamen
778 411 891 447 eligeret
909 409 984 438 viam
1012 410 1147 446 longam,
1169 416 1295 445 asperam
1319 417 1347 438 ct
1374 417 1430 445 qua
1453 417 1563 446 semper
1582 418 1599 438 a
1623 409 1711 446 loeo,
1735 417 1818 446 quem

312 467 407 504 petit,
428 465 553 494 aberrare
578 468 689 499 posset.
1720 459 1739 494 ’,

357 516 452 545 Unam
479 520 588 543 tantum
614 521 727 542 causam
755 512 857 547 video,
878 519 966 548 quare
988 511 1118 540 duritiem
1142 511 1307 540 Stoicorum
1332 519 1533 547 sequeremur:
1562 512 1672 542 scilicet
1698 513 1821 550 prudeu-

317 568 358 596 tia
375 572 425 595 aut
452 566 546 603 pudor
564 573 618 594 nos
641 565 725 593 docet
741 564 894 600 aliquando
910 563 1026 592 Stoicos
1049 571 1109 592 non
1130 571 1211 598 esse,
1233 564 1281 592 sed
1301 564 1401 593 videri.
1441 563 1496 592 Sed
1512 564 1602 593 simus
1618 564 1708 593 Sto'r'ci
1723 572 1818 594 coram

314 618 505 653 hominibus,
526 624 673 652 nunquam
699 616 728 644 in
753 615 821 651 ipso
847 614 952 644 animo.
993 613 1095 649 Neque
1119 615 1243 650 regulam
1269 613 1456 643 universalem
1485 622 1596 644 morum
1619 616 1702 644 talem
1726 623 1818 651 quan-

317 671 380 699 dam
405 669 642 704 constituamus,
663 676 748 704 quam
779 666 927 703 prudentia
950 666 1090 695 interdum
1117 666 1306 695 commendat.

354 720 470 757 Igitur,
493 726 525 748 ut
547 720 591 748 his
617 719 700 748 finem
726 718 850 753 faciam,
872 725 932 746 non
955 717 1103 746 audiamus
1126 717 1320 753 philosophos
1349 716 1435 752 illos,
1457 718 1508 753 qui
1533 717 1765 755 imperturbatam
1793 717 1822 746 in

315 769 504 799 differentiam
527 770 651 806 sapienti
672 778 726 798 suo
753 770 928 805 Imponunt3
958 768 1197 804 indifferentiam,
1225 776 1299 804 quae
1322 768 1436 804 signum
1458 774 1502 797 est
1523 775 1572 797 aut
1597 768 1746 805 pigritiae,
1774 775 1823 798 aut

318 822 469 858 stuporis,
497 828 546 850 aut
570 820 673 857 ingrati
695 821 793 850 animi.
834 820 948 850 Etenim
969 820 994 848 si
1018 820 1234 849 indifferentiam
1258 819 1340 848 isram
1371 826 1431 847 non
1457 818 1660 854 observamus,
1681 819 1707 848 si
1731 824 1823 848 metus

316 881 373 904 nos
399 874 518 910 arripit,
538 882 603 902 curn
628 874 786 910 periculum
807 881 873 902 caro
898 873 1011 902 cuidam
1037 873 1199 910 impendere
1221 871 1371 906 videmus,
1391 870 1417 899 si
1443 870 1563 898 aliorum
1582 868 1705 898 felicitas
1724 877 1824 906 magna

315 926 466 961 voluptate
483 933 537 954 nos
561 925 667 960 afficit,
687 933 753 952 cuni
778 923 947 960 aegritudini
964 925 1164 961 indulgemus,
1185 930 1253 950 num
1278 921 1389 950 animus
1406 921 1448 949 vel
1466 921 1580 950 minime
1603 921 1672 956 quid
1687 920 1717 950 in
1734 919 1822 949 nobis

317 975 497 1012 exprobrat?
524 983 591 1004 num
616 975 688 1003 ratio
716 975 817 1012 objicit
839 983 869 1002 se
885 983 901 1003 a
924 975 1008 1003 nobis
1030 975 1167 1003 desertam
1187 972 1270 1001 esse?
1311 972 1389 1000 Num
1413 972 1521 1008 indigni
1549 979 1618 1000 tunc
1645 971 1711 1000 vitii
1733 970 1820 1000 nobis

316 1025 432 1054 conscii
452 1026 576 1054 sumus?
607 1026 715 1054 Omnes
740 1026 955 1061 respondebunt
979 1025 1106 1053 animum
1131 1024 1204 1053 nihil
1224 1022 1309 1052 nobis
1328 1024 1520 1058 exprobrare,
1540 1022 1661 1052 affectus
1681 1022 1748 1052 illos
1764 1028 1821 1051 nos

323 1076 432 1106 afficere
456 1084 542 1105 sensu
564 1077 599 1105 ab
634 1077 711 1105 omni
736 1076 822 1112 culpa
844 1077 946 1112 procul
972 1082 1093 1104 remoto.

359 1126 444 1164 Quos
468 1126 493 1155 si
521 1133 595 1155 recte
618 1128 820 1162 moderamuS,
854 1135 1026 1162 quamquam
1052 1126 1176 1155 oblatrat
1200 1130 1260 1154 tota
1290 1125 1454 1154 stoicorum
1481 1124 1564 1154 turba
1590 1130 1690 1154 contra
1713 1122 1829 1161 Peripa-

321 1178 445 1213 teticos,
467 1178 559 1206 virtus
584 1176 756 1213 perfectior,
777 1177 945 1213 amabilior,
966 1178 1076 1206 firmior
1095 1178 1168 1206 erit:
1192 1176 1246 1205 erit
1269 1175 1299 1205 in
1322 1175 1426 1205 intimo
1453 1176 1568 1212 animo,
1589 1184 1649 1205 non
1671 1176 1701 1206 in
1720 1175 1830 1214 ingenii

322 1228 513 1264 syllogismis.
557 1229 636 1258 Num
662 1228 868 1265 pulcherrimas
891 1228 1044 1259 facultates
1069 1228 1301 1265 extingueremus
1324 1233 1441 1264 propter
1464 1235 1536 1256 vana
1565 1227 1671 1264 placita
1687 1233 1828 1263 quorum·

323 1279 386 1306 darn
414 1279 680 1315 philosophorum,
711 1287 785 1315 quos
809 1281 911 1310 caeteri
937 1281 1090 1316 homines,
1115 1288 1190 1316 quos
1222 1279 1352 1316 ipsorum
1380 1280 1468 1308 animi
1492 1279 1630 1308 mendacii
1650 1286 1766 1316 arguere
1779 1277 1829 1307 de·

323 1329 413 1358 bent?
453 1330 578 1366 Natura,
600 1338 699 1360 natura
726 1331 793 1366 illa,
827 1340 910 1367 quam
937 1333 1030 1361 Sto'ici
1051 1332 1212 1366 invocant,
1234 1338 1284 1366 per
1306 1330 1385 1366 ipsas
1415 1329 1616 1365 difficultates,
1644 1330 1752 1365 quibus
1768 1336 1831 1358 om·

323 1387 374 1410 nes
397 1388 535 1417 perpetuo
561 1382 740 1410 occurrimus
768 1382 798 1410 in
820 1390 909 1411 seusu
935 1384 1138 1419 exstirpando,
1164 1382 1237 1410 clare
1263 1381 1348 1410 docet
1373 1388 1428 1410 nos
1447 1380 1509 1418 ejus
1530 1380 1606 1417 leges
1633 1380 1762 1416 violare,
1781 1387 1832 1408 eo·

321 1436 463 1467 natusque
485 1439 608 1462 nostros
630 1440 726 1468 neque
754 1432 951 1469 necessarios,
972 1442 1067 1470 neque
1091 1433 1190 1463 licitos
1216 1441 1287 1464 esse.

1677 2045 1832 2078 PARS
