1946 2517
697 157 1081 192 ORATIO.
1601 165 1620 199 7

143 261 196 284 sae
222 250 274 284 vel
297 257 373 283 sunt
384 255 472 282 extra
487 260 565 289 nos,
589 258 742 281 sensuum
763 246 906 289 corporis
931 255 993 288 ope
1013 243 1246 288 explorandae,
1270 243 1320 275 vel
1347 244 1429 274 intra
1459 253 1535 281 nos,
1560 253 1612 274 so-

141 307 173 340 la
195 308 369 340 intuitione
396 313 428 339 et
457 308 652 339 conscientia
677 302 928 347 cognoscendae.
973 303 1032 333 Eas
1055 301 1223 333 observare
1248 299 1461 343 experientiae
1484 305 1552 337 est,
1575 299 1616 331 de

142 365 182 396 iis
202 364 367 403 meditari,
384 364 529 396 rationis.
572 365 662 403 Quae
685 361 863 393 multorum
890 369 1049 390 annorum
1065 358 1116 390 vel
1141 357 1323 389 seculorum
1348 366 1426 387 usus
1447 355 1559 387 docuit
1585 361 1617 386 et

142 421 355 464 experientia,
389 423 561 452 Historiam
581 430 617 451 ea
639 419 857 455 constituunt,
879 428 960 459 quae
993 417 1096 454 ratio,
1120 416 1221 458 magis
1245 415 1347 447 indies
1371 415 1536 456 magisque
1564 424 1618 444 ex-

143 476 248 516 culta,
270 476 521 520 Philosophiam.
567 475 624 506 ssla
642 476 813 506 memoriae
835 473 1039 517 potissimum
1060 472 1272 504 mandantur:
1295 471 1372 513 haec
1394 469 1519 512 judicio
1539 468 1615 501 sub·

139 533 306 575 jiciuntur.
356 533 438 563 Hinc
463 533 569 563 omnis
597 532 737 563 humana
761 531 920 572 cognitio,
941 540 976 561 ea
1003 531 1205 573 praesertim,
1231 540 1312 572 quae
1340 528 1457 560 eximie
1484 528 1623 558 Solantia

142 592 280 632 dicitur,
302 592 353 624 vel
383 592 532 624 historica
557 599 619 630 est,
642 591 693 622 vel
716 589 920 635 philosopha.
965 589 1045 619 Nam
1065 585 1225 630 quidquid
1252 585 1348 624 fidei,
1372 595 1456 628 quae
1478 595 1518 615 ex
1543 583 1620 614 alie-

141 660 184 681 na
215 649 333 693 pendet
358 649 561 686 auctoritate,
595 647 766 685 debemus,
803 647 837 678 id
862 645 976 689 procul
1001 643 1102 676 dubio
1128 643 1166 674 ad
1193 642 1377 674 historicam
1404 641 1541 684 pertinet
1566 651 1622 671 co-

141 708 330 750 guitionem.
376 708 459 737 Haec
488 716 565 737 vero
588 715 639 736 res
672 704 800 742 obvias,
832 710 864 734 et
891 704 926 733 in
958 701 1041 733 facto
1064 702 1202 743 positas,
1237 698 1348 741 arripit
1373 696 1620 735 tantummodo;

142 773 211 794 esse
240 774 292 795 eas
321 769 353 794 et
383 772 541 806 quaenam
569 764 635 793 sint
676 761 838 792 rescivisse
864 765 1029 791 contenta:
1064 757 1258 800 philosopha
1282 767 1359 787 vero
1384 755 1543 797 cognitio,
1577 753 1623 784 al-

143 819 208 850 tius
231 819 324 861 quasi
353 817 506 858 evolans,
537 824 568 848 et
598 816 708 859 quales
735 816 820 853 sint,
849 814 901 846 vel
933 814 1069 845 omnino
1097 823 1165 844 esse
1193 813 1337 856 possint,
1369 822 1468 854 quare
1496 812 1562 843 sint
1592 816 1626 842 et

142 873 325 916 quomodo,
355 879 531 911 scrutatur,
557 873 712 909 rimatur,
745 871 909 914 expendit.
953 871 1109 902 Historica
1141 871 1181 900 in·
1200 869 1417 912 qualicunque
1441 879 1549 900 rerum
1574 869 1624 911 ip·

143 939 252 961 sarum
281 930 486 973 perceptione
511 937 543 961 et
577 930 847 973 representatione
864 928 1054 972 acquiescit:
1077 926 1270 970 philosopha
1294 925 1335 957 ad
1360 926 1544 958 interiorem
1573 935 1624 956 ea-

141 994 217 1018 rum
243 991 391 1017 naturam
422 993 454 1018 et
488 986 629 1018 indolem
656 998 807 1030 pergens,
828 989 862 1019 in
888 985 1055 1029 qualitates
1084 985 1217 1026 insuper
1236 989 1267 1014 et
1299 992 1409 1013 causas
1439 992 1549 1013 rerum>
1573 983 1624 1013 in-

141 1043 253 1087 quirit.
297 1043 356 1076 llla
374 1043 529 1088 simplicis
551 1051 598 1076 est
623 1044 856 1077 observationis
879 1049 911 1075 et
939 1042 1175 1085 experientiae,
1201 1040 1278 1071 haec
1303 1038 1497 1076 abstractae,
1522 1049 1621 1082 quam

142 1106 277 1139 vocant,
307 1100 526 1131 meditationis
557 1107 590 1132 et
625 1101 890 1133 ratiocinationis.
938 1102 1079 1140 Utraque
1112 1097 1381 1140 praestantissima
1408 1101 1455 1126 est
1482 1101 1513 1125 et
1539 1094 1625 1126 salu-

143 1154 302 1193 berrima,
335 1165 474 1197 suaeque
508 1162 586 1186 sunt
619 1155 765 1198 singulae
794 1156 911 1197 cuique
946 1154 1077 1186 laudes:
1122 1159 1155 1185 at
1190 1153 1266 1184 haec
1300 1151 1354 1182 illa
1397 1151 1621 1193 praestantior.

144 1211 347 1254 Quamquam
373 1222 478 1254 neque
503 1211 581 1242 haec
606 1212 675 1242 sine
700 1211 773 1249 illa,
797 1222 902 1254 neque
927 1211 982 1242 illa
1000 1212 1069 1242 sine
1087 1210 1165 1249 hac,
1183 1215 1321 1252 augusto
1335 1207 1515 1252 praeclarae
1540 1210 1623 1241 Em.

142 1265 270 1298 ditionis
301 1269 436 1298 nomine
456 1272 487 1297 et
512 1266 637 1299 honore
662 1267 760 1310 digna
786 1266 946 1300 censenda
969 1273 1028 1299 est.

181 1322 310 1354 Etenim
330 1323 527 1366 experientia
549 1323 693 1355 valemus
718 1331 750 1355 et
772 1325 905 1357 ratione.
949 1326 1026 1356 Non
1050 1323 1174 1354 ratione
1191 1321 1258 1353 sola
1273 1344 1283 1360 ‚
1299 1321 1424 1364 quippe
1442 1330 1527 1363 quae
1551 1322 1623 1352 sine

144 1387 274 1415 rerum,
297 1377 359 1411 sibi
378 1378 582 1417 oblatarum,
615 1390 678 1411 usu
701 1387 734 1412 et
752 1379 975 1413 observatione
998 1390 1018 1410 e
1037 1378 1104 1410 suis
1119 1378 1210 1421 quasi
1233 1376 1362 1408 latebris
1391 1387 1459 1408 non
1476 1377 1622 1416 elicitur,

144 1443 250 1477 neque
272 1436 311 1473 inx
334 1441 440 1467 actum
467 1435 607 1470 ducitur.
662 1437 736 1468 Non
768 1436 838 1468 sola
863 1436 1078 1481 experientia,
1115 1435 1238 1477 quippe
1264 1444 1365 1477 quae,
1396 1436 1423 1465 si
1447 1443 1466 1465 a
1488 1434 1625 1465 rationis

145 1500 209 1522 usu
247 1490 390 1533 sejuncta
425 1493 607 1535 cogitetur,
648 1493 704 1524 vix
739 1503 759 1524 a
789 1492 960 1525 brutorum
1002 1490 1192 1523 animalium
1230 1500 1325 1521 sensu
1364 1490 1464 1532 possit
1498 1488 1625 1522 diversa

145 1546 279 1578 censeri.
325 1547 429 1590 Hujus
457 1558 519 1591 ope
544 1558 652 1580 rerum
678 1547 774 1580 nobis
791 1547 943 1579 accidunt
963 1544 1275 1590 repraesentamina,
1296 1554 1377 1586 quae
1398 1543 1466 1574 illas
1489 1554 1620 1587 compa-

143 1609 209 1640 rat,
231 1602 367 1645 digerit,
390 1604 564 1644 instaurat,
591 1611 687 1648 atque
711 1604 938 1637 diversissimis
961 1602 1067 1634 modis
1097 1604 1140 1634 ita
1168 1600 1340 1643 conjungit
1367 1606 1398 1631 et
1427 1599 1630 1640 confundit,

143 1664 182 1690 ut
208 1657 260 1690 vel
283 1669 386 1691 novae
410 1659 486 1692 inde
516 1662 729 1704 perceptionis
755 1660 876 1692 formae
901 1661 1058 1691 oriantur.
1101 1659 1157 1688 Uti
1187 1656 1288 1698 igitur
1311 1656 1451 1695 rationi,
1485 1667 1528 1688 ne
1552 1664 1623 1689 tan·

144 1724 242 1756 quam
267 1721 400 1747 veterno
423 1723 566 1760 torpeat,
592 1719 658 1748 imo
678 1729 754 1748 vero
768 1741 777 1756 ‚
802 1728 844 1747 ne
866 1715 1019 1747 suffocata
1046 1716 1174 1757 penitus
1196 1718 1229 1743 et
1251 1711 1405 1742 exstincta
1423 1713 1457 1743 in
1479 1713 1621 1745 nihilum

146 1765 285 1810 recidat,
307 1772 404 1803 rebus
421 1783 504 1816 opus
523 1780 592 1814 est,
615 1775 649 1805 in
675 1784 754 1817 quas
778 1774 860 1805 vires
880 1770 1067 1804 meditando
1086 1780 1160 1802 suas
1179 1774 1320 1807 exserat,
1343 1778 1546 1812 quarumque
1564 1780 1624 1801 no„

145 1826 250 1859 tiones
277 1827 429 1862 informet
455 1831 633 1863 secundum
656 1831 740 1875 leges
773 1831 834 1863 sibi
863 1830 1022 1863 divinitus
1047 1827 1196 1871 scriptas:
1231 1826 1275 1857 ita
1301 1836 1362 1857 nec
1389 1826 1456 1857 veri
1482 1826 1626 1858 nominis

145 1884 359 1926 experientiae
391 1886 503 1926 locus,
534 1889 596 1920 nisi
618 1900 673 1932 per
699 1889 859 1932 praeviam
891 1888 1011 1919 mentis
1039 1884 1079 1916 ad
1101 1882 1322 1921 ordinandas„
1354 1883 1621 1925 conjungendas,

150 1941 362 1984 sejungendas
388 1949 420 1975 et
445 1945 480 1976 in
506 1947 654 1979 notiones
678 1945 909 1979 convertendas
924 1946 1008 1988 ipsas
1033 1941 1229 1974 sensationae
1255 1939 1522 1983 dispositionem,
1556 1950 1629 1971 esse·

1574 2008 1636 2041 90-
