1946 2517
405 157 720 190 COMMENTATIO
742 168 775 189 ΙΝ
796 139 1096 198 ΩΠᾸΕὸΤΙΟΝΕΜ
1117 161 1325 195 MEDtCAM.
1601 175 1638 206 13

120 243 225 272 stantia
246 247 385 271 secretum
412 243 447 271 ad
474 242 538 271 loca
567 243 707 271 destinata
730 242 855 272 devehit.
898 244 953 273 Sed
981 245 1123 281 quidquid
1148 247 1204 282 sit,
1237 247 1324 283 hepar
1346 247 1401 275 hoc
1425 247 1531 277 intuitu
1555 255 1631 279 certe

121 294 263 330 glandulis
289 294 530 323 adnumerandum
556 294 628 329 erit,
649 300 681 322 ut
707 299 774 329 pote
801 294 877 323 haud
905 304 994 331 parvo
1020 298 1159 326 ductuum
1186 305 1324 334 apparatu
1353 300 1528 328 instructum
1550 303 1632 338 (α),

118 345 245 375 Pertinet
258 345 330 374 inter
347 346 494 382 glandulas
515 345 661 381 profunde
678 344 768 379 sitam,
789 344 934 382 impares3
957 348 980 375 si
996 348 1172 376 membranae
1198 349 1232 376 ab
1254 350 1356 384 hepate
1374 357 1563 386 separantur,
1585 353 1630 382 vel

119 397 144 426 si
161 396 259 425 viscus
274 397 461 431 dilaceratur,
484 395 650 431 superficies
668 396 713 423 vel
737 404 801 430 pars
823 395 971 425 dilacerata
989 396 1164 433 inaequalis,
1188 400 1336 435 granulata
1363 400 1531 429 observatur
1552 402 1629 439 (h).

118 448 291 477 Dilacemtio
314 449 342 476 in
368 448 423 476 hoc
448 447 558 476 viscere
581 446 697 474 facilius
716 446 829 474 iustitui
849 453 967 483 potest,
989 456 1071 483 quarn
1098 449 1128 477 in
1144 450 1210 477 aliis
1229 451 1263 478 ad
1282 451 1485 486 glandulosum
1504 459 1631 488 systema.

78 495 81 499 ”
119 499 351 536 pertinentibus,
373 498 509 534 quoniam
535 498 565 526 in
589 498 692 526 horum
717 503 862 526 structura
890 499 979 535 major
994 506 1022 527 et
1045 501 1224 536 compat-tior
1243 502 1399 531 cellulosae
1417 502 1562 538 quantitas
1577 504 1628 533 ab·

119 551 228 579 undat:
260 550 413 578 cellulosae
441 549 553 585 hepatis
579 549 759 578 substantiae
777 550 945 585 quantitas,
966 557 1089 587 contra,
1110 558 1283 581 structuram
1310 552 1394 581 offert
1418 555 1561 590 aequalem
1587 561 1628 583 te-

121 610 205 630 nuem
217 621 227 635 ,
248 601 277 629 vi
294 600 396 629 leviori
414 599 498 628 facile
514 601 658 629 cedentem
673 620 682 635 ‚
709 600 861 634 nullasque
884 601 1080 632 ostendentem
1110 602 1266 630 divisiones
1293 603 1405 632 lobatas
1417 624 1428 639 ,
1443 588 1488 633 ¹ut
1514 606 1542 634 in
1561 606 1627 634 aliis

121 652 284 689 glandulis;
316 660 345 680 v.
377 660 419 688 gr.
452 653 480 680 in
506 652 695 686 salivalibus‚
727 651 755 678 in
774 658 922 686 pancreate
949 658 1004 681 cet.
1027 660 1120 688 neque
1143 653 1321 682 accumulata
1346 655 1493 690 pinguedo
1512 656 1541 684 in
1560 658 1625 693 ejus

119 703 341 740 parenchymate
362 703 551 737 observatur,
583 702 624 731 uti
652 703 749 732 locum
776 701 860 730 habet
883 701 911 729 In
940 702 1084 737 glandulis
1110 702 1291 738 parotidibus
1317 711 1344 732 et
1373 706 1525 739 mammis,
1555 714 1628 741 qua-

119 761 239 790 propter
264 753 352 788 hepar
372 753 407 780 ab
434 753 478 781 his
505 753 586 782 etiam
615 752 851 789 distinguendum
879 757 923 780 est
944 753 1019 790 tc).
1060 752 1321 789 Parenchymatosa
1356 755 1468 791 hepatis
1490 756 1588 791 portio
1605 756 1632 785 si

120 805 269 839 siccetur,
299 804 397 832 colore
423 810 574 840 mutatur,
605 811 671 833 atro
694 803 808 833 fuscior
838 803 891 838 fit,
923 803 961 832 ob
985 805 1134 841 sanguinis
1168 806 1358 841 quantitatem
1392 815 1448 842 qua
1479 808 1628 844 abundat3

119 857 178 886 aeri
202 856 434 893 atmosphaerico
462 856 613 892 exposita,
644 856 704 885 cito
728 856 756 884 in
784 855 962 892 putredinem
991 856 1071 891 abit,
1103 856 1220 885 odorem
1247 857 1454 886 intolerabilem
1477 859 1635 887 ammonia-

122 909 211 937 calem
229 909 378 937 exhalans.
419 907 450 935 Si
475 913 620 942 coquatur
643 907 749 943 hepar,
770 908 843 936 illud
862 916 1018 938 commune
1043 908 1128 937 habet
1146 917 1211 938 cum
1232 912 1351 939 caeteris
1369 911 1548 947 glandulosis
1568 919 1636 939 cor-

117 960 266 997 poribus,
297 959 378 994 quod
410 966 514 994 aquam
546 958 698 994 particulis
729 958 830 995 griseis
861 959 999 988 coloratis
1020 960 1138 995 turbet,
1168 966 1195 988 et
1225 960 1351 997 insignis
1378 969 1498 997 spumae
1522 961 1639 997 quanti-

119 1017 164 1040 tas
185 1011 347 1039 evolvatur.
389 1009 419 1037 Si
443 1009 596 1037 diuturnae
616 1009 744 1037 coctioni
770 1009 951 1046 subjicitur,
971 1010 1071 1039 durior
1093 1018 1121 1039 et
1143 1011 1372 1048 indigestibilior
1389 1012 1442 1047 fit,
1464 1020 1549 1052 quam
1565 1008 1638 1040 aliae

119 1062 270 1099 glandulae
286 1069 375 1096 aeque
395 1060 444 1088 diu
465 1067 592 1096 coctae3
617 1060 800 1089 macerationi
820 1061 983 1096 expositum
1010 1069 1060 1096 per
1080 1062 1199 1098 longum
1226 1067 1341 1098 tempus
1366 1064 1555 1097 densitatem,
1579 1071 1635 1098 qua

118 1113 225 1149 insigni
247 1113 350 1147 gaudet
371 1111 441 1148 (d)
468 1118 496 1139 et
525 1110 647 1140 formam
673 1117 790 1147 servat,
810 1112 878 1140 dum
900 1112 961 1141 cito
980 1119 1074 1142 tamen
1098 1112 1227 1142 rabellus
1251 1114 1333 1142 color
1350 1113 1381 1142 in
1406 1113 1635 1143 brume-coeru-

120 1164 270 1193 lescentem
294 1169 434 1191 mutatur.

157 1215 282 1244 Acidum
309 1213 514 1249 sulphuricum
529 1234 538 1248 ,
561 1213 673 1249 aliaque
696 1213 774 1242 acida
800 1222 852 1249 pro
873 1222 967 1244 earum
988 1215 1106 1245 virtutis
1130 1216 1220 1253 gradu
1241 1217 1374 1253 diverso,
1395 1217 1485 1247 citius
1509 1216 1556 1246 vel
1577 1220 1637 1244 tar-

120 1266 187 1295 dius
208 1266 296 1303 hepar
316 1265 345 1295 in
367 1266 521 1301 pulposam
542 1271 631 1294 atram
653 1272 775 1293 massam
796 1271 912 1295 vertunt
933 1267 1011 1305 (e).

147 1373 195 1402 (ί)
217 1372 254 1395 Cf.
269 1371 372 1398 Meci-el,
393 1370 496 1391 Menschl
517 1369 589 1393 Anae.
606 1371 632 1393 Β.
650 1377 669 1393 1.
684 1377 707 1398 p.
721 1369 773 1393 626.
802 1370 920 1400 munker,
935 1371 1002 1399 Phys.
1019 1372 1043 1395 B.
1057 1378 1077 1395 1.
1101 1378 1126 1400 p.
1141 1378 1190 1401 ²²9·
1204 1374 1225 1400 S.
1237 1378 1275 1401 94.

147 1414 196 1441 (1,)
219 1413 251 1436 cf
272 1412 395 1439 Sabatia,
418 1412 536 1439 splanchn.
559 1413 588 1434 T.
606 1418 628 1433 2.
651 1418 674 1438 p.
689 1417 740 1436 540.

148 1456 195 1484 (e)
218 1456 254 1479 Cf.
269 1455 368 1483 Biclme,
393 1457 463 1477 Anat.
483 1457 537 1477 Gen,
554 1456 602 1482 Syre
630 1454 735 1475 Glandul.
759 1462 782 1482 p.
799 1455 850 1482 619.

146 1497 200 1523 (Ι)
223 1497 261 1518 (s.
282 1496 381 1522 Bia-hat,
405 1498 475 1518 Anat„
491 1495 607 1522 Descript.
631 1496 658 1517 T.
674 1500 696 1519 s.
720 1503 742 1522 p.
761 1501 798 1523 93.

151 1536 198 1564 (c)
219 1539 258 1563 Cf.
272 1538 373 1567 Bithae,
392 1538 464 1563 Anat,
483 1539 537 1561 Gen.
555 1539 611 1565 Syn,
629 1537 709 1560 Gland,
733 1538 761 1562 Τ,
778 1543 799 1562 1,
821 1545 847 1567 p.
863 1538 913 1562 602.
931 1543 955 1562 et
968 1543 1017 1564 seq.

848 1711 894 1755 aa

921 1988 944 2017 Β
966 1997 981 2026 3
1497 1982 1635 2013 CAPUT
