1946 2517
679 158 1085 191 ·0RAT10.
1585 169 1624 201 19

159 259 270 300 inpetu
291 255 408 299 pariter
436 252 603 297 expellunt
631 241 662 284 et
690 262 786 295 quem
815 251 994 294 neglectum
1028 261 1190 285 sacrorum
1220 251 1337 283 cultum
1366 251 1400 284 in
1427 251 1520 283 urbes
1539 258 1569 284 et
1586 253 1622 285 in

158 314 271 347 domos
305 312 454 346 reducere
478 316 653 348 conantur,
683 308 871 351 adjutricem
902 308 977 345 huie
1006 314 1122 344 temere.
1152 308 1334 351 adjungunt
1362 308 1524 341 inimicam
1548 310 1619 341 Deo

153 370 423 413 superstitionem.

201 429 238 457 In
261 426 324 457 hoc
350 426 448 468 igitur
467 424 637 457 discrimen
662 423 834 455 adductum
852 422 1005 464 juvenem
1029 428 1059 454 et
1087 421 1127 457 ab
1155 423 1245 454 omni
1274 429 1362 466 parte
1393 425 1544 454 acerrime
1564 433 1622 464 ορ3

157 489 336 526 pugnatum
371 483 438 525 jam
474 483 606 519 videte,
646 480 727 524 quid
761 488 889 513 acturus
924 477 994 509 sit!
1046 479 1310 522 Emancipabitne
1347 491 1380 512 se
1408 486 1441 512 et:
1480 478 1619 511 tradetur

154 540 192 570 in
221 539 403 573 alterutrius
434 538 643 580 potestatem?
686 548 753 580 quo
794 538 877 568 vitae
911 546 1041 571 cursum
1077 536 1217 579 dirigat,
1248 543 1302 568 aut
1330 548 1397 579 quo
1438 547 1472 568 se
1506 542 1622 574 vertat3

159 591 334 638 ignorabit,
359 594 468 633 oredo,
503 597 553 633 is„
574 606 670 638 quem
702 594 804 638 pulcri
830 593 976 634 bonique
1001 603 1113 625 sensus
1138 600 1261 624 mature
1291 594 1411 636 ceperit
1436 599 1467 624 et
1494 594 1620 624 virtutis

158 662 267 687 amore
292 652 488 690 incenderim
518 653 571 684 cui
600 652 749 683 historiae
783 651 925 693 cognitio
960 649 1196 683 effervescentia
1221 653 1360 692 partium
1389 649 1512 686 studia,
1543 656 1623 680 tam-

156 719 254 751 quam
279 711 312 741 in
341 709 457 741 illustri
479 710 550 742 loco
576 713 678 753 posita
699 710 869 742 homiuum
892 708 1042 739 vanitatis
1066 714 1294 741 monumenta,
1319 706 1362 737 ob
1389 706 1499 739 ocutos
1523 706 1620 737 collo-

156 768 294 804 caverim
324 777 422 808 quem
441 769 533 809 aequi
557 768 700 809 justique
720 777 792 798 acre
809 765 954 800 studium
975 775 1021 795 eir¹
1041 774 1184 798 summae
1206 763 1285 805 legis
1309 762 1452 795 fontibus
1473 763 1623 794 haustum

162 822 270 856 virum
296 821 433 856 effecerit
460 822 650 865 prudentem
679 833 808 864 gravem
831 829 862 853 et
890 819 1107 854 constantem!
1153 821 1195 851 Ut
1215 827 1323 852 evecta
1356 823 1390 852 in
1415 820 1513 852 altum
1539 830 1625 851 mare

161 879 269 916 navis,
297 880 356 909 etsi
386 890 494 910 recens
530 878 609 910 sacta
643 885 676 910 et
711 890 770 910 usu
801 878 950 912 nondum
986 876 1193 915 confirmata,
1226 883 1353 916 tamen,
1385 877 1412 908 si
1440 888 1479 907 ex
1504 876 1624 919 optima

153 937 292 970 *materia
331 941 363 966 et
408 942 475 966 arte
517 942 699 967 constructa
731 942 779 967 est
815 945 1034 978 magnumque
1072 935 1103 965 ei
1147 933 1305 969 bonarum
1352 933 1505 965 mercium
1541 942 1625 963 onus

159 999 208 1025 est
236 992 439 1034 impositum,
462 992 603 1034 pondere
629 992 696 1034 ipsa
722 1002 783 1022 suo
807 991 899 1022 firma
927 1002 963 1022 ac
991 990 1112 1022 stabilis
1138 993 1246 1022 minus
1269 990 1365 1021 undis
1391 992 1548 1032 agitatur,
1581 987 1628 1019 fa·

158 1047 317 1090 ciliusque
345 1054 568 1091 tempestatum
592 1047 707 1091 perfert
732 1049 815 1086 vim;
843 1047 930 1080 haud
956 1059 1046 1081 secus
1080 1048 1208 1090 juvenis
1245 1046 1318 1086 ille,
1348 1047 1390 1079 de
1410 1057 1477 1090 quo
1501 1046 1628 1088 quaeri-

154 1115 249 1143 -mus,
273 1116 341 1137 non
366 1115 459 1139 aurae
485 1104 649 1147 popularis
674 1105 791 1146 gratia,
819 1115 887 1140 non
917 1105 1018 1138 animi
1042 1105 1298 1137 commoticmmn
1322 1103 1539 1139 vehementia,
1561 1113 1628 1134 non

156 1154 371 1193 emolumenti
393 1171 465 1203 spe,
487 1171 554 1195 non
581 1170 678 1192 vanae
698 1160 816 1203 gloriae
839 1159 1011 1204 captandae
1032 1160 1206 1204 cupiditate
1234 1159 1332 1192 modo
1350 1160 1414 1193 huc
1433 1159 1528 1192 modo
1547 1158 1624 1191 illuc

164 1216 388 1255 inclinabitur,
417 1216 472 1250 sed
501 1218 669 1260 quietarac
702 1217 807 1249 sedata
836 1219 947 1249 niente
980 1224 1064 1248 recte
1094 1217 1278 1248 institutum
1313 1218 1372 1248 iter
1398 1222 1624 1258 persequetur,

155 1272 320 1315 quidquid
343 1284 451 1307 rerum
479 1268 664 1308 utilium'et
694 1274 901 1305 honestarum
931 1275 1103 1312 inveniat,
1140 1273 1316 1316 diligenter
1340 1273 1552 1315 conquirens,
1577 1282 1629 1315 pe-

160 1328 297 1360 rieulosa
318 1326 438 1360 civitati
463 1329 588 1372 incepta
615 1329 788 1372 prudenter
816 1331 928 1362 vitans.

205 1386 249 1416 At
275 1386 455 1423 occurritur
482 1386 577 1416 nobis
604 1385 666 1420 hoc
700 1385 773 1417 loco
795 1397 812 1417 a
841 1386 1034 1429 quibusdam
1064 1397 1131 1418 non
1168 1385 1305 1419 inficetis
1331 1385 1518 1417 hominibus
1551 1394 1626 1419 eum

161 1441 268 1484 aliqua
296 1443 382 1474 risus
423 1442 657 1485 significatione
685 1444 935 1486 quaerentibus,
965 1445 1044 1475 num
1085 1454 1127 1474 ex
1155 1443 1284 1476 >insuavi
1322 1444 1383 1473 isto
1409 1443 1493 1473 Juris
1524 1441 1633 1473 Ctvihs

162 1505 194 1530 et
222 1498 449 1537 Pandectarum
482 1498 611 1538 studio,
642 1500 735 1541 cujus
767 1501 816 1531 vel
844 1511 964 1533 nomen
1001 1511 1105 1543 ipsum
1144 1499 1296 1532 teretibus
1319 1498 1636 1540 auribusingratum

164 1552 301 1592 accidit,
332 1559 396 1584 tam
431 1553 632 1593 admirabiles
664 1561 696 1585 et
729 1556 762 1586 in
795 1567 924 1587 omnem
965 1558 1062 1588 vitam
1093 1555 1308 1588 redundantes
1335 1554 1458 1586 fructus
1487 1556 1636 1586 exsistere

165 1609 313 1652 possint?
348 1610 525 1648 Nimirum,
549 1611 575 1641 si
595 1610 715 1641 litterae
732 1614 901 1655 antiquae,
927 1612 976 1652 id,
1001 1614 1089 1656 quod
1106 1615 1187 1645 inter
1205 1623 1317 1644 omnes
1338 1618 1480 1652 constat,
1505 1611 1635 1655 fingunt

165 1679 226 1700 nos
245 1667 285 1700 ad
310 1668 542 1714 humanitatem
566 1675 598 1700 et
622 1669 829 1712 elegantiam,
863 1670 953 1714 quod
985 1671 1062 1701 haec
1091 1670 1155 1701 illis
1188 1673 1238 1701 vis
1277 1668 1504 1700 admirabiliter
1520 1679 1524 1684 ·
1541 1671 1638 1702 insita

166 1731 237 1762 est,
267 1724 384 1767 quidni
416 1726 548 1767 antiqua
576 1726 830 1768 Jurisprudentia
859 1729 894 1758 in
920 1726 1144 1769 Philosophiae
1177 1726 1392 1758 contubernio
1419 1733 1454 1756 ac
1477 1729 1636 1758 :convictu

168 1782 234 1812 vim
261 1781 336 1816 item
365 1791 400 1811 ac
425 1787 570 1812 naturam
599 1780 729 1820 habeat,
749 1794 817 1814 eam
847 1786 879 1815 in
904 1783 999 1814 nobis
1020 1782 1178 1814 etticiendi
1205 1785 1287 1814 vitae
1312 1784 1543 1822 constantiam,
1570 1793 1636 1814 ruo·

168 1847 241 1869 rum
275 1838 511 1880 integritatem,
548 1838 647 1868 animi
682 1839 954 1882 magnitudinem,
989 1851 1068 1882 quas
1107 1840 1250 1882 proprias
1276 1839 1351 1870 huic
1373 1838 1480 1870 studio
1507 1841 1640 1871 virtutes

171 1903 238 1924 esse
265 1904 362 1924 nemo
394 1893 550 1925 eruditior
578 1897 764 1937 negaverit?
814 1898 925 1940 Neque
954 1908 1037 1939 opus
1061 1903 1126 1934 est,
1163 1902 1198 1927 ut
1224 1902 1409 1938 argumenta
1432 1898 1640 1938 conquiram,

167 1950 230 1990 ‚ubi
264 1955 356 1980 ῑθδῑθδ
393 1957 528 1987 exellare
558 1962 690 1994 possum
718 1954 804 1996 ipsos
839 1957 1080 1989 Juieconsultos
1117 1958 1296 1994 Romanos,
1331 1956 1376 1987 in·
1397 1966 1537 1998 quorum
1563 1957 1641 1987 vitas

946 2015 971 2045 C
995 2023 1012 2044 2
1615 2011 1642 2043 si
