1946 2517
275 173 312 202 μ
579 187 583 192 .
626 164 745 202 JANI
783 161 1059 194 RUDOLPHI
1098 169 1172 191 vAN
1214 160 1443 195 MAANEN

621 447 890 481 CAPUT
966 444 1444 479 SECUNDUM.

501 567 551 588 DE
581 567 799 590 CONSENSU
826 567 873 589 Ac
906 566 1117 588 PSYCHICA
1146 566 1336 588 VIRTUTE
1364 566 1558 589 HEPATIS.

316 693 344 729 S.
367 698 395 727 5.
426 655 599 721 Permulta
622 692 771 721 observata
799 691 1118 728 docuerunt,'vulnera
1145 692 1406 728 integumentorum
1434 691 1543 727 cranii,
1563 699 1615 721 nec
1635 701 1694 722 non
1720 694 1783 731 ejus

281 743 414 777 ossium,
434 743 540 778 primas
569 743 630 771 vias
652 744 787 772 morbose
809 743 936 778 afficere,
967 751 1038 779 quae
1062 742 1228 772 affictiones
1257 749 1328 771 tunc
1357 743 1393 771 ad
1417 749 1504 778 caput
1532 750 1693 779 reagenteS‚
1721 746 1786 773 vul-

281 801 347 822 nera
368 794 484 830 peiora,
507 802 560 824 nec
579 802 638 824 non
651 803 715 824 raro
731 783 948 831 simplicissima
961 815 971 830 ,
995 794 1108 823 lethalia
1129 793 1251 822 reddunt
1270 794 1317 830 (a
1329 794 1353 829 ).
1394 793 1607 830 Hippocrates,
1625 801 1652 823 et
1668 795 1785 830 plurimi

281 851 350 880 post
376 852 440 873 eum
467 845 543 874 hunc
568 854 740 874 consensum
766 846 972 880 observarunt,
1002 851 1030 874 et
1057 844 1187 875 Galenus
1213 852 1329 873 causam
1365 844 1507 880 quaesivit
1535 844 1567 873 in
1589 844 1701 881 ingenti
1724 853 1787 875 ner-

279 902 381 923 vorum
405 903 544 931 numero,
565 905 580 925 a
600 897 714 925 cerebro
733 897 768 925 ad
793 897 880 933 hepar
897 890 1073 925 decurrente.
1128 929 1130 932 v
1386 928 1389 930 ,

317 946 344 982 S.
366 946 396 975 6.
438 946 561 976 Difficile
579 953 655 975 certe
672 953 715 975 est
731 948 875 984 explicatu
887 968 897 983 ‚
919 947 1058 976 undenam
1082 946 1129 975 ille
1146 953 1307 976 consensus
1325 946 1455 982 pendeat.
1486 945 1586 981 Pare‘,
1605 945 1786 983 marandi,

279 997 385 1032 aliique
413 1006 525 1033 operam
552 998 690 1027 dederunt
723 999 804 1028 illum
828 998 1012 1035 explicandi,
1043 1006 1167 1035 quorum
1191 999 1337 1034 posterior
1373 997 1522 1034 sequentia
1545 998 1623 1029 hunc
1649 998 1681 1027 in
1703 998 1789 1028 finem

278 1048 450 1083 proposuit:
1694 1071 1699 1075 .
1742 1052 1767 1075 ,·

321 1097 363 1127 1⁰.
398 1098 516 1135 inquit3
538 1099 696 1128 commotio
719 1108 752 1129 ex
770 1100 881 1129 inflicto
896 1101 1014 1130 vulnere
1036 1100 1123 1130 cranii
1139 1105 1221 1135 orta,
1243 1100 1378 1137 maiorem
1398 1098 1548 1135 sanguinis
1572 1098 1706 1135 copiam,
1725 1106 1789 1128 ver-

279 1155 331 1176 sus
359 1151 474 1178 arterias
499 1151 642 1179 carotides
667 1156 694 1178 et
719 1151 888 1180 vertebrales
919 1152 1106 1188 determinat3
1135 1152 1216 1180 sinus
1244 1157 1273 1179 et
1301 1158 1387 1179 venae
1415 1150 1587 1180 vertebrales
1610 1158 1678 1186 ergo
1700 1150 1809 1188 hujus,

279 1197 360 1227 fluidi
381 1199 478 1229 itidem
501 1202 636 1237 majorem
654 1201 800 1238 accipiunt
823 1202 956 1238 copiam,
978 1211 1062 1239 quam
1083 1209 1150 1232 ante
1170 1202 1405 1231 commotionem.

320 1249 362 1280 20.
392 1251 472 1279 Vena
493 1260 561 1281 cava
582 1253 713 1288 superior
731 1253 795 1281 sive
815 1254 1010 1288 descendens,
1043 1253 1072 1282 in
1096 1254 1220 1282 dextram
1247 1253 1345 1282 cordis
1369 1253 1525 1282 auriculam
1549 1260 1649 1287 nunc,
1679 1252 1790 1282 ratione

279 1308 367 1329 venae
397 1309 483 1330 cavae
513 1303 730 1339 adscendentis,
761 1303 828 1340 plus
857 1304 1008 1340 sanguinis
1034 1303 1174 1339 effundit3
1204 1310 1232 1331 et
1258 1303 1324 1332 ideo
1355 1303 1560 1332 incrementum
1584 1303 1737 1339 sanguinis
1760 1310 1790 1333 et

277 1351 406 1379 celeritas
433 1351 536 1388 fluidi,
564 1355 644 1389 quod
669 1355 801 1382 deorsum
828 1361 960 1382 movetur
985 1362 1038 1389 per
1060 1362 1158 1382 venam
1191 1362 1287 1383 cavam
1320 1354 1497 1389 superiorem
1525 1353 1660 1389 impedire
1685 1354 1788 1382 debent

283 1402 423 1430 influxum
458 1404 606 1438 sanguinis
643 1413 757 1433 sursum
782 1405 868 1433 delati
901 1413 952 1440 per
974 1412 1074 1432 venam
1099 1412 1195 1433 cavam
1223 1404 1398 1433 inferiorem.
1437 1403 1575 1439 Sequitur
1603 1404 1688 1438 hinc,
1710 1403 1790 1438 quod

279 1460 316 1481 ex
341 1452 412 1481 stasi
434 1453 581 1489 sanguinis
604 1462 690 1483 venae
711 1463 797 1484 cavae
812 1454 975 1489 inferioris,
995 1461 1082 1482 venae
1102 1454 1246 1490 hepaticae
1271 1455 1410 1490 sanguine
1425 1458 1558 1491 turgent,
1579 1460 1607 1483 et
1624 1454 1703 1489 quod
1723 1453 1789 1482 flui-

280 1503 310 1531 di
329 1503 471 1539 stagnatio
492 1504 629 1539 originem
648 1506 761 1540 praebet
782 1514 847 1534 cum
872 1504 1087 1534 inflammationi
1111 1510 1171 1533 tum
1189 1505 1392 1541 suppurationi
1413 1505 1489 1543 (b).

319 1554 349 1590 S.
372 1562 401 1591 7.
443 1554 576 1583 Pouteau
603 1556 738 1584 theoriam
766 1557 911 1586 Bertrandi
934 1555 1058 1590 refutat,
1079 1555 1221 1592 aliamque
1239 1557 1394 1592 proponit:
1417 1556 1573 1584 secundum
1593 1556 1676 1584 iilum
1702 1564 1788 1585 vaso·

283 1613 347 1633 rum
367 1605 549 1634 cerebralium
572 1606 669 1634 inertia
687 1614 714 1635 et
739 1606 842 1636 effusio
868 1606 1017 1643 sanguinis
1045 1615 1059 1634 a
1083 1606 1281 1635 commotione
1309 1606 1600 1636 communicationem
1626 1606 1700 1636 inter
1717 1613 1789 1635 arte-

281 1655 338 1684 tias
370 1661 398 1683 et
420 1663 506 1685 venas
532 1656 672 1685 difficilem
696 1658 834 1693 reddunt3
857 1665 944 1686 venae
961 1664 988 1686 et
1015 1658 1097 1686 sinus
1123 1659 1276 1686 cerebrales
1301 1658 1438 1686 minorem
1469 1657 1619 1694 sanguinis
1650 1657 1787 1693 copiam,

282 1714 366 1741 quam
384 1713 448 1735 ante
465 1708 710 1743 commotionem,
732 1709 905 1744 acquirunt3
928 1709 1063 1737 columna
1085 1709 1254 1746 sanguinis,
1275 1717 1348 1744 quae
1372 1710 1400 1738 in
1425 1717 1523 1738 venam
1550 1716 1646 1736 cavam
1671 1709 1789 1736 descen-

282 1756 393 1785 dentem
422 1757 600 1793 effunditur,
630 1759 660 1786 in
687 1759 810 1787 dextram
846 1761 942 1788 cordis
972 1760 1130 1788 auriculam
1157 1760 1293 1788 minorem
1319 1760 1402 1788 habet
1427 1760 1596 1788 celeritatem
1619 1765 1646 1787 et
1669 1758 1788 1787 minoris

279 1814 323 1835 est
340 1808 527 1845 quantitatis,
549 1815 576 1836 et
593 1809 622 1837 in
640 1809 720 1838 venis
736 1810 875 1846 hepaticis
890 1811 970 1839 nulla
984 1811 1080 1839 locum
1097 1811 1212 1839 habebit
1239 1811 1404 1846 stagnatio:
1435 1811 1497 1838 vult
1515 1817 1614 1838 contra
1633 1809 1785 1845 Pomona,

278 1859 356 1893 quod
379 1866 475 1888 motus
500 1860 617 1896 sanguis
634 1868 648 1888 a
675 1860 760 1888 corde
786 1861 814 1889 in
838 1860 952 1890 arterias
978 1862 1119 1890 carotides
1143 1863 1321 1898 propulsus,
1342 1863 1372 1891 in
1395 1861 1518 1890 decursu
1544 1869 1594 1898 pet
1616 1869 1681 1890 vasa
1708 1869 1785 1889 cere·

1711 1913 1786 1941 brai-

305 1972 351 1997 :f‘y
376 1973 410 1994 Cf.
431 1971 656 1999 Des:m1lr‚,loar2al
669 1972 694 1992 d!
717 1972 781 1994 (hir.
800 1974 827 1995 T.
841 1979 864 1998 4.
884 1980 907 2000 Γ.
924 1974 1018 2002 16-32
1035 1979 1058 1997 et
1072 1974 1201 2003 307—326.

303 2010 351 2039 (ὃ)
377 2013 412 2035 Cf.
427 2013 493 2035 Elam,
506 2012 532 2032 At
551 2013 608 2037 I'Ac,
625 2014 652 2036 R.
670 2012 694 2033 dc
710 2013 774 2036 clar,
794 2015 822 2037 T,
836 2019 856 2040 3.
886 2015 935 2041 426,
