1946 2517
350 168 663 199 COMMENTATIO
683 178 727 199 At>
747 167 1045 208 QUAESTIONEM
1069 170 1408 206 PHILOSOPHICAM.
1597 176 1631 213 63

128 252 206 282 tione
228 252 353 285 raetica
375 253 515 288 praeditos
539 260 612 283 esse.
660 251 725 280 Hoc
753 252 846 288 negari
877 261 936 281 nnn
963 259 1079 289 potest,
1108 261 1135 283 et
1163 263 1196 283 eo
1220 256 1287 292 ipso
1314 258 1389 286 ratio
1417 266 1447 287 se
1468 260 1543 294 apud
1569 268 1632 288 om·

126 313 177 334 nes
205 305 230 332 h«
246 304 335 333 mines
368 303 488 331 teclaiat
514 311 656 338 tamquam
687 311 821 338 suprema
847 303 1026 339 legislatrix‚
1056 306 1303 343 obedientiamque
1336 309 1495 338 absolutam
1529 313 1628 347 exigit.

124 357 307 392 Extverientia
331 357 404 384 enim
435 357 517 383 docet
540 363 638 383 omnes
666 354 815 390 homines,
846 354 874 382 in
899 355 1060 390 judicandis
1085 357 1204 385 aliorum
1233 359 1420 394 actiowibus,
1450 362 1536 397 hujtis
1560 362 1630 398 legis

123 407 260 436 conscios
282 415 353 435 esse.
396 406 459 434 Eos
487 407 565 441 quod
593 406 678 442 liujus
708 406 778 441 legis
804 406 955 434 conscium
977 415 1036 435 non
1061 415 1123 443 est,
1145 416 1187 437 est
1208 418 1257 438 ens
1284 411 1446 439 irrationale
1466 412 1544 448 (ι).

128 479 147 494 „
168 458 202 487 ln
222 467 355 487 immensa
377 457 477 493 illa‚''
499 459 540 485 sic
564 457 695 492 loquitur
714 456 834 485 Kantius
861 458 945 494 (2),
977 477 1001 493 „
1021 459 1200 488 observantia
1227 461 1296 497 legis
1324 463 1439 490 moralis
1467 471 1572 497 purae,
1594 462 1630 491 ab

127 511 205 539 omni
221 511 342 538 utilitate
355 517 478 543 vacuae,
501 509 643 544 quoddam
660 508 733 536 inest
749 509 889 544 pet-uliare
902 529 912 544 ,
932 517 1016 544 prout
1033 519 1091 538 eam
1111 512 1183 538 ratio
1203 513 1325 546 practica
1343 515 1504 542 servandam
1525 522 1632 548 propo-

127 562 191 596 nit,
212 562 298 598 cujus
322 569 376 589 vox
403 560 596 588 audacissimo
619 559 749 588 malefico
773 566 921 588 tremorem
947 562 1068 596 incutit,
1090 570 1211 597 eumque
1235 566 1331 599 cogit,
1362 572 1393 592 ut
1420 566 1481 601 ejus
1509 566 1628 600 adspec-

126 617 187 640 tum
214 611 328 648 fugiat:
358 611 396 639 ita
423 617 454 638 ut
479 610 554 638 haud
579 611 679 638 mirum
704 611 759 646 sit,
788 611 860 640 hanc
880 612 1081 649 contagionem
1111 613 1187 642 ideae
1211 615 1305 642 solum
1334 615 1535 644 intellectualis
1564 623 1631 644 cum

125 669 222 698 tactu,
244 663 348 691 rationi
374 663 614 698 contemplativae
637 663 840 691 immutabilem
875 664 982 699 videri3
1013 664 1041 692 in
1065 673 1159 700 eoque
1187 672 1242 693 nos
1272 667 1455 701 adquiescere
1483 674 1635 702 oportere,

121 714 201 750 quod
226 723 260 743 ex
286 714 492 749 anticipatione
519 719 628 742 tantum
660 719 753 742 tamen
782 714 930 749 possimus
961 715 1140 751 perspicere,
1169 717 1311 752 ejusmodi
1338 724 1443 746 tactum
1474 718 1635 746 necessario

123 773 188 794 cum
215 765 472 801 repraesentatione
494 764 565 800 legis
591 764 707 792 moralis
737 765 767 793 in
791 773 904 801 quaque
930 773 1030 795 natura
1058 767 1192 796 rationali
1219 768 1298 797 finita
1323 770 1511 807 conjunctum
1538 769 1636 799 esse.”

159 818 324 854 Antequam
352 816 566 853 progrediamur
589 816 639 845 hle
668 816 751 844 locus
778 824 822 844 est
855 818 931 845 aliud
960 818 1104 854 quoddam
1136 819 1238 856 dogma
1263 820 1420 849 Kantianae
1444 821 1565 850 Scholae
1595 827 1636 849 at·

120 869 270 905 tingendi,
302 868 382 904 quod
409 868 438 896 in
465 868 527 904 ejus
552 868 652 896 morali
675 874 829 904 systemate
858 869 954 906 magni
983 870 1122 899 momenti
1149 878 1211 900 estz
1241 872 1411 901 libertatem
1440 873 1551 901 scilicet
1582 873 1636 900 ho-

117 920 217 949 minis.

159 971 330 1006 Conceptus
349 969 490 998 libertatis
507 975 550 997 est
570 968 643 1005 lapis
668 969 753 1005 quasi
773 970 888 1005 quidam
912 973 1069 1010 angularis
1089 973 1118 1002 in
1144 979 1300 1011 systemate
1316 975 1437 1004 rationis
1461 983 1548 1011 purae
1567 975 1632 1012 (3).

160 1021 260 1049 Homo
285 1021 357 1049 liber
379 1027 422 1048 est
445 1021 473 1048 in
502 1021 653 1049 voluntate
671 1029 735 1050 sua.
778 1021 892 1050 Etenim
916 1023 941 1051 si
966 1024 1053 1053 homo
1072 1025 1143 1053 liber
1166 1033 1226 1055 non
1245 1032 1342 1062 esset,
1365 1034 1433 1055 num
1456 1027 1528 1055 ratio
1552 1035 1636 1062 prac-

121 1071 180 1101 tica
209 1071 233 1099 ei
267 1071 423 1107 quidquam
451 1071 644 1106 praescribere
668 1078 770 1107 posset
791 1072 888 1109 (4)?
931 1073 1078 1110 Respectu
1104 1077 1234 1112 practico
1263 1084 1365 1105 trames
1393 1078 1533 1106 libertatis
1561 1085 1636 1106 unus

120 1131 165 1153 est
189 1124 346 1158 solusque,
376 1130 436 1158 quo
463 1121 524 1151 fieri
550 1123 665 1159 possit,
697 1130 728 1151 ut
754 1124 784 1153 in
812 1125 923 1160 agendo
946 1126 1164 1163 omittendoque
1186 1128 1295 1156 ratione
1317 1128 1425 1164 utaris;
1449 1130 1634 1165 quamobrem

121 1183 172 1212 per
197 1174 420 1203 subtilissimam
449 1173 664 1209 philosophiam
694 1174 754 1203 fieri
779 1183 870 1212 aeque
897 1177 992 1206 minus
1019 1179 1140 1214 poterit,
1169 1187 1200 1208 ae
1228 1187 1278 1216 per
1311 1180 1450 1209 rationem
1480 1180 1632 1209 humanam

120 1235 322 1262 communem,
344 1233 375 1253 ut
402 1225 559 1262 argutando
582 1226 696 1254 libertas
721 1228 840 1257 tollatur
863 1227 940 1264 (5).
980 1229 1082 1258 Homo
1108 1230 1196 1258 sentit
1224 1239 1254 1260 se
1281 1231 1399 1259 liberum
1426 1239 1498 1260 esse.
1540 1229 1635 1259 Sentit

126 1287 157 1309 se
178 1279 336 1308 libertatem
356 1277 459 1306 habere
476 1276 627 1306 obediendi
649 1278 715 1306 voci
733 1278 915 1315 legislatricis
941 1281 1060 1310 rationis
1078 1287 1127 1310 aut
1148 1282 1215 1311 voci
1235 1282 1430 1311 sensualitatis
1453 1283 1534 1320 (6).
1574 1281 1637 1308 Do·

1594 1331 1642 1361 lor

118 1439 162 1465 des
180 1439 228 1465 lois
246 1444 296 1470 que
311 1438 333 1462 la
349 1438 503 1462 conscience
522 1444 586 1462 nous
600 1438 683 1463 donne
699 1439 815 1464 dorment
833 1439 892 1465 dans
909 1447 982 1467 notre
1004 1448 1083 1467 coeur
1099 1442 1143 1468 des
1163 1441 1290 1475 penchaus
1315 1449 1366 1474 que
1384 1449 1425 1468 ees
1443 1442 1497 1467 loix
1515 1435 1636 1467 condam-

118 1494 187 1513 nent.
223 1486 277 1512 De's
301 1491 350 1518 que
374 1491 415 1509 ces
436 1485 565 1517 penchans
587 1485 729 1510 s'evcillent
750 1492 774 1511 et
794 1487 942 1521 acquierent
967 1495 1015 1513 une
1033 1489 1082 1514 acti
1104 1489 1138 1514 ite
1164 1488 1327 1519 redoutable,
1356 1490 1370 1513 il
1389 1489 1486 1515 s'ele've
1503 1495 1552 1513 une
1572 1488 1636 1513 voix

118 1540 215 1560 secrete
233 1533 275 1565 qui
290 1539 353 1558 nous
374 1531 486 1557 ordonne
502 1531 532 1557 cle
548 1533 583 1557 les
601 1533 715 1564 assujetir
729 1540 777 1558 aux
795 1534 920 1566 principes
938 1534 969 1560 de
988 1535 1010 1560 la
1031 1535 1124 1562 raison.
1158 1536 1233 1560 Alors
1252 1535 1370 1567 s'engage
1391 1543 1423 1561 un
1443 1535 1544 1560 combut
1565 1538 1635 1559 entre

117 1582 141 1607 la
156 1581 236 1606 raison
257 1587 281 1605 et
303 1580 326 1604 le
343 1579 440 1605 devoir.
477 1579 590 1604 L'attrait
605 1579 638 1605 du
663 1580 748 1612 plaisir
771 1580 853 1612 plaide
869 1581 1009 1609 sortement
1026 1590 1057 1608 en
1079 1583 1168 1608 favent
1193 1583 1224 1608 de
1243 1583 1264 1607 la
1284 1582 1404 1615 pas=i0n3
1422 1583 1446 1605 le
1466 1579 1554 1605 devoir
1577 1586 1637 1605 nous

116 1626 238 1654 demande
256 1628 277 1651 si
293 1633 352 1651 nous
368 1634 434 1651 osons
447 1625 536 1651 doum·
552 1626 581 1651 de
595 1634 630 1652 ses
647 1627 746 1658 droia,
765 1633 789 1653 et
807 1635 870 1653 nous
888 1636 995 1654 sommes
1012 1629 1100 1655 forces
1115 1629 1146 1654 de
1162 1631 1319 1653 reconnattre
1336 1635 1361 1652 sa
1378 1628 1450 1654 voix.
1486 1625 1636 1658 Cependant

119 1681 190 1698 notre
210 1672 315 1698 volonte
339 1672 451 1698 indecise
472 1673 544 1698 flotte
563 1680 633 1698 entre
656 1674 689 1699 les
711 1673 777 1700 deux
802 1674 895 1706 partis3
914 1676 981 1700 mille
1002 1681 1166 1700 mouvemens
1186 1675 1294 1707 inquiets
1317 1680 1446 1707 partagent
1466 1679 1538 1699 notre
1558 1678 1636 1698 coetu·

118 1726 144 1744 et
160 1719 282 1744 semblent
299 1718 391 1743 diviser
407 1725 478 1743 notre
498 1720 566 1750 &103
585 1719 650 1744 enfin
675 1719 698 1744 le
717 1718 807 1746 devoir
829 1723 969 1756 triomphe,
990 1730 1015 1749 et
1037 1724 1059 1749 la
1077 1723 1178 1756 passion
1195 1729 1222 1748 se
1246 1723 1320 1749 retire
1341 1730 1372 1748 eu
1391 1727 1553 1748 murmurant.
1589 1719 1636 1749 Cf..

117 1766 182 1792 Kant
202 1763 317 1796 Metaph.
336 1771 400 1803 mor.
418 1773 446 1797 p.
462 1772 521 1798 277.

152 1809 190 1844 (¹
206 1811 219 1843 )
239 1811 306 1837 C‘i‘·
325 1810 396 1843 M23·
415 1811 437 1837 1·
458 1818 515 1844 ¹47·
684 1813 701 1846 (.
709 1813 747 1846 2)
767 1816 832 1844 Crit.
851 1823 898 1845 rat.
916 1824 996 1851 praet.
1014 1824 1042 1851 p.
1055 1825 1097 1851 77.
1117 1818 1154 1844 cf.
1174 1816 1292 1849 Metaph.
1310 1823 1375 1842 mor.
1394 1822 1421 1846 p.
1438 1819 1497 1847 3³4·

153 1856 220 1890 (3)
240 1857 305 1882 Kant
324 1858 403 1889 praef.
422 1859 450 1883 ad
471 1859 529 1885 crit.
547 1866 594 1887 rat.
612 1867 650 1892 pr.
675 1869 702 1893 p.
717 1862 753 1888 Vl
773 1869 829 1894 sqq.
1035 1862 1098 1897 (4)
1117 1864 1182 1891 Crit.
1202 1863 1274 1894 Mag.
1293 1862 1315 1888 Ι.
1335 1861 1391 1893 148-

151 1902 215 1938 (5)
236 1904 300 1930 Kant
319 1904 436 1937 Metapli.
456 1913 518 1932 mor.
537 1913 563 1938 p.
582 1906 640 1938 336.

151 1950 213 1982 (6)
234 1951 299 1976 Kant
321 1951 378 1977 crit.
394 1958 438 1976 rat.
459 1959 495 1983 pr.
515 1960 541 1983 p.
560 1953 587 1978 18
607 1960 630 1977 et
652 1960 692 1983 19.
721 1954 786 1980 Crit.
806 1954 878 1987 Mag.
894 1955 927 1982 V.
946 1957 1005 1983 268.
1041 1956 1080 1982 De
1100 1956 1228 1987 Dogmare
1245 1961 1298 1986 quo
1315 1953 1424 1978 docetur
1439 1951 1564 1976 hominem
1581 1953 1632 1972 non

119 1998 201 2024 solum
221 1997 251 2024 ad
274 1999 434 2031 sensibilem,
453 1998 542 2025 sedet
565 1999 594 2025 ad
610 2001 793 2034 intelligibilem
817 2002 935 2029 mundum
958 2003 1100 2035 pertinere,
1119 2009 1168 2027 nou
1187 2002 1228 2027 hic
1250 2001 1322 2026 uobis
1340 2006 1375 2025 est
1393 1997 1529 2029 agendum,
1549 1999 1634 2025 ‘lum‘

1562 2045 1635 2072 quam
