1946 2517
327 151 362 180 „g
730 138 1073 171 GULIELMI
1130 137 1434 170 DELPRAT

336 231 460 260 inveniet
485 227 563 264 apud
583 227 649 255 illos
675 225 727 261 qui
750 233 813 253 eum
839 222 1026 259 tranquillum
1050 228 1111 249 esse
1128 221 1253 259 iubent,
1280 221 1389 258 quique
1412 220 1455 250 sic
1475 221 1504 250 in
1529 220 1663 258 procellis
1686 221 1749 250 istis
1776 220 1831 251 im-

336 282 466 319 peritiam
491 288 567 307 suam
594 284 750 314 agnoscere
774 275 877 304 debent
903 276 942 311 (1
957 273 993 310 >2

380 332 512 367 Denique
532 330 555 358 si
580 327 756 358 vehementia
784 327 851 355 mali
871 326 955 354 etiam
977 331 1064 360 atque
1085 324 1168 353 etiam
1195 325 1319 360 crescit,
1346 331 1411 353 cum
1436 324 1547 353 nullum
1576 323 1732 353 remedium
1757 323 1838 353 adhi-

339 384 404 413 bere
435 389 549 420 potest,
579 380 783 417 philosophiae
814 378 933 415 Epicuri
963 376 1062 413 inopia
1089 376 1213 405 cernitur
1245 382 1332 412 atque
1356 375 1477 406 falsitas.
1519 374 1605 403 Tunc
1627 375 1726 413 jubet:
1755 375 1841 404 abeat

340 444 354 464 e
377 437 440 465 vito
466 441 615 470 tamquam
643 441 657 458 ε
682 431 807 460 theatro.
849 428 876 458 O
892 428 1040 465 Epicure!
1071 436 1130 457 non
1158 436 1232 464 opus
1257 434 1315 457 erat
1341 427 1517 456 miserrimus
1543 427 1573 455 in
1597 426 1737 455 horrendo
1762 434 1842 462 prae·

343 492 427 521 cepto
452 483 604 512 verborum
626 488 754 511 ornatas.
795 483 830 510 In
855 480 911 508 hoc
943 486 1094 516 praecepto
1116 480 1304 515 perspicitur,
1335 487 1421 515 quam
1455 477 1546 507 inanis
1571 477 1611 506 sit
1637 483 1686 506 tua
1709 476 1843 513 philoso-

344 536 423 571 phia.
465 533 610 562 Felicibus
637 532 775 562 inservire
799 537 916 568 potest,
946 530 1108 567 (felicibus
1134 529 1208 558 enim
1239 530 1337 559 omnis
1366 529 1425 558 fere
1453 528 1640 565 philosophia
1673 527 1748 557 bona
1773 528 1846 565 est>

345 587 394 616 sed
419 586 578 616 infelicium
605 585 714 614 nullam
745 584 883 613 rationem
910 583 1021 612 habuit.
1071 581 1123 611 Nil
1144 580 1202 610 nisi
1232 579 1432 609 fortitudinem
1464 579 1501 608 iis
1526 579 1692 616 praecipis,
1723 579 1767 609 nil
1787 578 1848 609 nisi

343 637 498 667 suicidium
522 637 558 665 iis
584 636 671 665 offers
691 635 769 672 (2).

383 690 429 719 De
450 688 567 716 Virtute
584 688 669 716 etiam
689 694 748 715 non
774 691 849 714 recte
864 684 999 714 statuisse
1022 685 1147 713 videtur.
1187 684 1276 721 Quod
1299 684 1323 712 si
1350 683 1496 712 ostendere
1518 683 1648 720 possim,
1675 684 1848 714 concludere

346 740 444 769 licebit
467 739 530 776 ejus
555 738 589 766 de
613 743 688 767 arcta
717 744 802 772 quam
831 735 932 764 statuit
959 735 1088 764 Virtutis
1109 741 1136 764 et
1158 735 1316 764 Felicitatis
1343 734 1551 772 conjunctione
1579 735 1760 771 dogmatibus
1790 742 1852 765 non

347 797 518 827 magnopere
539 788 751 818 assentiendum
778 795 854 817 esse.

389 843 423 872 In
450 844 550 873 morali
577 851 697 880 quoque
719 842 848 872 doctrina
874 841 1048 878 principium
1071 850 1087 870 a
1107 849 1167 877 quo
1189 838 1384 876 proficiscitur
1410 837 1515 866 falsum
1537 836 1663 867 videtur.

387 895 511 924 Dictitat
534 894 655 930 Epicuri
677 893 778 923 schola
804 893 872 930 (3)
907 900 973 921 cum
1004 892 1113 921 fiducia
1139 898 1224 928 quam
1251 889 1368 919 refutari
1397 895 1578 924 nequaquam
1603 893 1690 923 posse
1710 886 1767 916 sibi
1789 895 1854 924 per·

351 953 468 974 suasum
497 944 601 980 habet,
629 945 774 973 hominem
802 952 950 979 nunquam
985 943 1118 973 virtutem
1144 942 1254 977 colere,
1284 941 1340 969 nisi
1367 948 1401 969 eo
1433 939 1587 975 proposito
1612 944 1645 966 ut
1674 939 1854 976 voluptatem

353 997 398 1025 vel
427 996 602 1031 adipiscatur
625 997 670 1024 vel
705 1001 813 1031 augeat.
861 994 926 1023 Hoc
960 995 1043 1023 etiam
1077 1000 1163 1028 atque
1191 993 1272 1020 etiam
1309 996 1459 1026 repetunt,
1488 995 1517 1018 et
1541 988 1671 1024 homini,
1698 989 1766 1020 licet
1793 991 1857 1028 ipse

355 1048 476 1084 eJ'usque
498 1046 631 1081 superbia
656 1052 814 1081 repugnet,
835 1045 1047 1074 concedendum
1074 1051 1136 1072 esse
1159 1042 1343 1071 arbitrantur.

389 1097 494 1126 Procul
521 1095 560 1124 sit
576 1095 711 1124 severitas
734 1095 790 1123 ista
808 1102 879 1130 quae
898 1095 928 1123 in
956 1093 1103 1122 felicitatis
1129 1093 1271 1121 desiderio
1297 1092 1340 1120 nil
1368 1091 1426 1120 nisi
1451 1089 1638 1126 praestantiae
1659 1088 1799 1120 hnmanae
1816 1090 1860 1120 di.

354 1147 542 1176 minutionem
573 1146 651 1175 videt
682 1152 732 1175 aut
759 1146 858 1174 saltem
877 1145 971 1173 videre
996 1145 1079 1173 dicit.
1118 1143 1344 1180 Agnoscendum
1362 1149 1404 1171 est
1431 1141 1576 1171 hominem
1603 1141 1690 1169 teneri
1713 1140 1860 1171 felicitatis

353 1198 493 1227 desiderio
515 1196 751 1232 infelicitatisque
773 1195 933 1225 aversione.
974 1195 1050 1224 lllud
1074 1195 1241 1224 desiderium
1266 1193 1430 1222 actionibus
1457 1193 1513 1221 vim
1535 1192 1634 1227 addit,
1655 1198 1682 1220 et
1706 1200 1798 1229 usque
1822 1193 1860 1223 ad

356 1257 474 1278 mortem
498 1256 553 1277 nos
579 1253 734 1276 sustentat.

396 1300 452 1327 Sed
467 1305 494 1327 et
520 1304 639 1333 contra,
666 1297 776 1331 homo,
804 1295 929 1325 hominis
957 1295 1074 1324 nomine
1094 1295 1218 1331 diguus,
1246 1295 1301 1323 hoc
1327 1293 1441 1322 effatum
1469 1301 1647 1329 nequaquam
1671 1293 1791 1322 tolerare
1810 1302 1863 1330 po—

359 1356 434 1378 test:
459 1349 594 1384 felicitas
626 1356 689 1376 mea
716 1353 757 1375 est
780 1348 897 1376 unicum
929 1354 1122 1383 summumque
1145 1347 1323 1383 propositum
1359 1344 1401 1372 ad
1429 1343 1506 1382 quod
1535 1351 1626 1372 omnes
1656 1349 1777 1373 conatus
1809 1347 1872 1374 mei·

357 1400 474 1428 tendere
497 1399 611 1428 debent.

401 1451 440 1479 Et
465 1458 557 1478 revera
576 1450 601 1477 si
619 1450 708 1479 homo
731 1456 746 1477 a
768 1447 891 1484 partium
908 1447 1006 1476 studio
1027 1448 1116 1482 liber,
1143 1453 1169 1475 et
1191 1453 1223 1475 ut
1247 1447 1285 1474 ita
1308 1445 1397 1474 dicam
1421 1444 1516 1473 sensui
1541 1444 1669 1473 interiori
1691 1453 1772 1474 aures
1791 1455 1870 1483 prae-

364 1502 454 1536 bens,
475 1501 504 1528 id
528 1500 608 1536 quod
634 1499 720 1528 sentit
744 1497 920 1534 confitetur,
941 1499 1011 1526 dicit
1036 1498 1187 1534 profecto:
1221 1498 1276 1527 Est
1301 1496 1330 1525 in
1354 1495 1468 1525 homine
1492 1496 1537 1524 vis
1567 1496 1700 1531 quaedam
1726 1506 1783 1533 qua
1808 1497 1871 1527 feli.

1831 1556 1876 1578 Cl-

396 1650 412 1683 (
426 1658 434 1676 ι
448 1649 462 1683 )
483 1649 560 1683 Quod
576 1655 602 1674 et
613 1648 762 1675 Plutarchus
782 1648 953 1676 animadvertit
969 1650 1058 1677 dicens
1076 1650 1189 1676 homines
1205 1649 1378 1682 voluptatibus
1399 1647 1498 1673 deditos
1513 1647 1687 1672 fortitudinem
1702 1647 1767 1673 illam
1780 1649 1872 1676 habere

364 1702 415 1721 uon
434 1704 522 1728 posse3
551 1695 667 1721 homines
684 1702 746 1721 vero
773 1695 947 1723 fortitudinem
963 1698 1031 1724 illam
1047 1698 1167 1724 habentes
1186 1703 1236 1722 non
1255 1702 1394 1722 assensuros
1413 1695 1548 1727 Voluptati
1562 1700 1586 1719 et
1601 1694 1735 1730 systemati
1756 1695 1873 1728 Epicuri.

366 1742 406 1769 De
422 1741 490 1767 Vix-t.
508 1741 579 1766 Mor.
597 1741 630 1766 C.
642 1747 668 1773 5·-

400 1786 465 1819 (2)
485 1787 591 1818 Epicuri
613 1786 831 1818 reprehensoribus
855 1788 932 1820 ipsius
947 1789 1022 1814 vitam
1046 1797 1070 1816 et
1094 1796 1251 1816 constantem
1273 1784 1378 1814 mortem
1400 1787 1514 1819 objicere
1537 1788 1617 1813 solent
1644 1786 1780 1819 Epicurei:
1803 1788 1875 1819 quasi

368 1833 466 1858 scilicet
482 1832 648 1864 philosophus
661 1849 670 1862 ‚
687 1833 729 1864 qui
756 1840 864 1863 systema
892 1841 1041 1867 quamquam
1066 1837 1200 1868 pessimum
1223 1834 1406 1862 defendendum
1423 1834 1517 1866 habet,
1546 1840 1597 1860 nou
1616 1834 1639 1859 iu
1659 1840 1738 1861 morte
1758 1841 1874 1862 constan·

366 1880 427 1904 tiam
445 1884 539 1902 servare
553 1883 637 1909 posset
653 1883 693 1902 aut
711 1885 769 1903 tuuc
785 1885 896 1910 magnam
912 1879 1012 1907 haberet
1031 1883 1214 1909 auctoritatem.

404 1920 469 1955 (3)
489 1922 523 1948 Et
544 1922 685 1949 Gnssendus
705 1924 837 1956 imprimis.
