1946 2517
364 176 402 205 φ
772 161 1117 195 GULrssLmt
1175 163 1482 195 DELPRAT

405 249 476 278 Item
497 248 625 278 Wnifius
648 248 738 287 (ηε
771 268 789 284 ‚‚
808 248 913 277 Ethica
940 247 1000 276 sive
1025 247 1154 276 doctrina
1177 248 1211 275 de
1238 248 1367 276 moribus
1391 253 1434 277 est
1456 248 1611 284 disciplina
1635 249 1764 285 practica
1790 249 1882 279 homia

369 309 432 330 nem
460 302 566 329 docens
595 301 708 329 modum
741 298 933 335 componendi
958 299 1086 327 actiones
1111 299 1212 327 liberas
1240 300 1273 325 all
1299 299 1387 334 Isgem
1416 305 1554 334 naturae,
1582 299 1621 328 ita
1646 308 1677 328 ut
1705 300 1882 330 felicitatem

367 351 605 387 consequatur-3⁹⁵
640 358 667 379 et
693 350 760 379 alibi
782 351 871 387 (2):
909 349 973 383 „Si
1001 350 1127 378 actiones
1151 349 1186 378 ad
1212 349 1416 385 perfectionem
1444 358 1574 378 nostrum
1606 356 1757 387 statusque
1789 352 1882 381 nostri

365 411 416 440 pet
442 411 472 430 se
501 403 642 437 tendunt,
675 411 725 431 seu
752 410 807 431 nos
832 408 997 437 statumque
1020 408 1150 430 nostrum
1181 401 1354 436 perficiunt,
1375 401 1529 430 bonitatem
1552 402 1742 431 intrinsecam
1774 403 1881 431 habent

366 460 393 482 et
413 459 526 481 contra.

405 505 555 532 Adjantur
574 503 672 532 deinde
695 505 763 532 haec
785 504 944 533 Leibnitzii
964 504 1031 541 (3)
1054 504 1154 532 verba:
1189 524 1206 540 „
1223 504 1348 534 Tantum
1367 505 1439 533 inter
1459 512 1551 533 veram
1576 504 1772 541 sinceramque
1799 505 1886 534 disci-

365 555 469 590 plinam
490 555 629 584 Moralem
651 561 678 584 et
704 556 830 585 Stoicam
857 556 1063 592 Epicureamve
1084 558 1219 590 interest,
1242 562 1380 590 quantum
1401 556 1533 584 laetitiam
1563 555 1635 584 inter
1652 563 1679 584 et
1697 556 1882 592 patientiam:

365 612 394 635 et
414 612 511 635 nostra
533 606 687 641 disciplina
710 607 825 635 moralis
847 607 876 636 in
894 608 1070 643 perfectione
1090 606 1362 642 pulchritudineque
1387 615 1477 635 rerum
1505 607 1535 635 in
1561 613 1659 636 nostra
1674 607 1798 642 denique
1817 615 1886 636 vera

364 657 501 687 felicitate
529 657 701 688 fundatur.”

405 708 451 736 Ex
468 709 520 736 illo
540 709 704 746 principio,
726 709 837 746 Perfice
855 717 883 739 te
905 714 1019 749 ipsum,
1042 709 1167 739 Wolfius
1184 715 1275 738 toturn
1293 710 1342 746 jus
1363 715 1480 738 naturae
1496 709 1611 738 deducit
1631 710 1724 747 (4),
1749 728 1767 744 ,,
1783 716 1885 738 secun·

366 759 432 787 dum
459 761 546 796 legem
575 769 691 789 naturae
713 761 776 791 illas
803 763 931 791 actiones
965 762 1056 791 facere
1081 762 1217 790 debemus
1246 768 1319 796 quae
1346 761 1380 788 ad
1407 760 1555 796 hominis,
1584 761 1761 795 humanique
1791 767 1889 790 status

365 810 571 846 perfectionem
601 811 730 848 faciunt,
750 819 778 841 et
802 813 933 843 omittere
959 813 1024 843 illas
1050 814 1201 848 actiones,
1222 820 1296 848 quae
1322 812 1357 840 ad
1380 811 1535 848 utriusque
1560 811 1810 848 imperfectionem
1839 811 1883 840 fu

365 862 448 890 ciunt
470 863 486 899 (
497 871 515 899 5
526 862 576 897 ).”

406 912 448 941 Ita
475 922 591 949 quoque
615 913 798 944 Leibnitzius
820 916 834 949 (
843 915 883 953 6)
904 915 1007 945 docet:
1039 936 1059 952 „
1075 916 1110 945 ad
1128 915 1276 944 Summam
1296 914 1507 950 Perfictionem
1535 914 1630 944 omnia
1659 914 1755 943 reduci
1775 913 1884 944 debere.

365 961 573 993 Perfectionem
602 965 675 993 enim
708 965 863 1002 complecti
893 974 953 995 non
988 967 1082 995 solum
1112 968 1219 994 bonum
1249 966 1353 994 morale
1384 972 1411 994 et
1437 965 1592 1002 physicum
1625 969 1814 994 creaturarum
1841 965 1886 993 in·

367 1014 580 1050 telligentium,
603 1015 653 1044 sed
676 1017 758 1044 etiam
781 1016 892 1046 bonum
916 1018 987 1046 illud
1012 1017 1092 1054 quod
1120 1026 1179 1048 non
1206 1019 1264 1048 nisi
1289 1019 1518 1056 metaphysicum
1545 1026 1610 1056 est,
1640 1021 1780 1057 quodque
1806 1026 1885 1049 crea-

368 1068 445 1091 turas
468 1064 578 1093 ratione
604 1065 758 1094 destitutas
781 1067 865 1096 etiam
894 1068 1012 1104 respicit
1033 1069 1108 1106 (Ἰ).
1112 1069 1132 1082 ”

411 1113 621 1150 perfectionem
643 1124 687 1144 sic
712 1116 810 1146 definit
831 1118 961 1147 Wolfius
983 1119 1062 1156 (8).
1107 1120 1287 1154 „Perfectio
1315 1121 1448 1151 universe
1475 1127 1519 1150 est
1545 1129 1709 1151 consensus
1739 1122 1801 1152 sive
1823 1122 1888 1152 har.

369 1165 466 1193 monia
491 1166 520 1194 in
550 1166 704 1204 varietate,
733 1176 782 1198 aut
810 1178 973 1200 consensus
1001 1172 1153 1201 muitarum
1181 1180 1271 1200 rerum
1307 1180 1379 1208 quae
1405 1173 1478 1201 inter
1505 1180 1536 1201 se
1567 1172 1720 1209 differunt,
1753 1180 1885 1210 quaeque

370 1216 399 1245 in
420 1217 516 1245 eodem
542 1218 657 1255 objecto
682 1227 861 1257 occurrunt,
881 1228 909 1250 et
935 1230 1109 1252 consensum
1135 1223 1166 1252 id
1195 1232 1270 1253 voco
1297 1224 1379 1259 quod
1401 1225 1435 1253 ad
1463 1223 1581 1253 unicum
1603 1225 1729 1260 quodvis
1754 1223 1888 1255 effectum

368 1267 572 1301 perficiendum
596 1270 699 1298 tendit.

410 1319 482 1355 (9)
502 1318 648 1354 perfectio
672 1326 717 1348 est
742 1323 911 1352 Essentialis
935 1325 981 1353 vel
1008 1325 1204 1354 accidentaris.
1255 1325 1434 1356 Essentialis
1460 1328 1485 1356 si
1512 1328 1649 1357 consistit
1678 1328 1708 1358 in
1737 1327 1890 1358 *hermonis

371 1367 642 1399 determinationum
661 1373 858 1403 essentialium
880 1375 902 1404 i.
923 1384 946 1405 e.
969 1382 1087 1412 propter
1113 1384 1183 1412 quas
1204 1376 1268 1405 Em
1287 1377 1446 1414 percipitur
1468 1387 1530 1407 esse
1555 1379 1641 1416 huius
1666 1378 1711 1408 vel
1734 1377 1816 1407 illius
1840 1386 1890 1415 ge-

371 1419 470 1454 neris,
492 1422 537 1448 vel
567 1423 708 1457 pertinere
734 1424 769 1452 ad
791 1425 864 1453 hanc
894 1425 1007 1456 illamve
1033 1427 1166 1462 speciem.

372 1486 377 1490 -
415 1468 564 1506 Pcrfcctio
590 1473 781 1504 accidentalis
805 1483 849 1504 est
874 1485 924 1512 ca,
946 1485 1019 1512 quae
1043 1477 1179 1507 consistit
1199 1477 1228 1507 in
1255 1478 1402 1507 harmonia
1426 1479 1692 1509 determinationum
1724 1479 1887 1510 accidenta-

369 1520 441 1550 lium
469 1530 539 1551 cum
564 1524 787 1563 essentialibus3
809 1527 905 1563 qualis
930 1535 973 1557 est
998 1528 1123 1558 facilitas
1149 1530 1248 1559 utendi
1268 1529 1457 1560 facultatibus
1484 1531 1570 1561 animi
1591 1538 1640 1561 aut
1667 1532 1781 1570 organis
1812 1541 1887 1570 quae

1819 1592 1888 1614 60ῐο

405 1661 472 1697 (1)
488 1661 569 1689 Wolf.
589 1660 655 1691 Phil.
671 1665 764 1693 Mor-al.
789 1666 822 1694 T.
839 1667 859 1694 l.
883 1674 947 1700 part.
962 1668 982 1695 1.
997 1670 1094 1702 proleg.
1120 1671 1147 1703 §.
1164 1677 1189 1698 ι.

403 1710 469 1744 (2)
487 1710 568 1735 Wolf.
593 1709 657 1736 Phil.
680 1713 790 1739 Praetic.
813 1715 882 1741 univ.
909 1722 972 1747 part.
987 1716 1008 1741 Ι.
1035 1717 1060 1749 §.
1082 1723 1138 1748 103.
1341 1715 1400 1750 (3)
1419 1717 1447 1743 1¹²
1473 1716 1574 1743 ThQOd·
1604 1716 1629 1748 §-
1646 1721 1693 1749 254
1714 1716 1757 1744 ΕΠ·

403 1754 469 1789 (4)
487 1756 568 1783 Wolf.
589 1757 752 1784 Institutions
765 1759 797 1783 du
815 1759 880 1785 droit
899 1761 930 1786 dc
948 1763 970 1787 la
989 1769 1074 1788 nature
1093 1770 1117 1789 et
1136 1763 1180 1790 des
1198 1771 1257 1796 gens
1269 1783 1277 1797 ‚
1292 1765 1407 1798 publiees
1425 1772 1468 1798 par
1483 1764 1525 1792 El.
1544 1764 1643 1791 Luzae.
1669 1764 1696 1798 §.
1710 1771 1753 1796 43.

404 1801 468 1835 (5)
488 1802 557 1827 Idem
572 1810 656 1828 monet
678 1803 783 1830 Wolfius
803 1806 869 1833 l'hil.
889 1808 930 1833 Pr.
947 1809 1023 1836 Univ.
1046 1817 1071 1842 p.
1087 1809 1108 1837 Ι.
1133 1810 1158 1843 §.
1175 1816 1231 1843 152.

404 1848 467 1882 (6)
486 1849 587 1888 Theod.
610 1851 636 1883 §.
655 1858 714 1882 209.

406 1893 474 1927 (7)
494 1894 562 1921 Haec
579 1902 593 1927 3
613 1902 704 1928 genera
721 1899 845 1925 bonorum
861 1907 983 1927 accurate
999 1903 1108 1934 explicat
1126 1903 1281 1930 Leibnitzius
1302 1904 1327 1930 in
1350 1904 1436 1930 libro:
1457 1905 1539 1931 Causa
1559 1903 1608 1930 Dei
1624 1907 1720 1930 asserta
1744 1909 1791 1936 pet
1807 1901 1887 1941 luati-

374 1941 432 1965 tiam
448 1941 519 1972 Ejus.
548 1943 573 1974 §.
589 1949 715 1977 30—37.

406 1986 468 2021 (8)
486 1989 550 2016 Inst.
565 1989 597 2015 de
613 1989 679 2016 droit
695 1990 761 2017 dela
781 1993 843 2021 Nat.
865 1999 889 2018 et
903 1993 947 2019 des
965 1995 1047 2023 Gens.
1074 1995 1102 2029 §.
1118 2002 1145 2028 9.
1367 1995 1429 2031 (9)
1449 1996 1515 2023 ΠΜ·
1540 1997 1568 2030 5·
1590 2003 1632 2023 ¹¹·
