1946 2517
297 122 611 155 COMMENTATIO
630 132 672 154 AD
696 122 999 166 QUAESTIONEM
1019 123 1365 159 PfflLOSOPHICAM.
1550 138 1589 167 25

70 205 211 243 ‚principe
237 213 264 234 et
285 214 394 235 rectore
416 206 566 242 omnium,
587 214 657 242 quae
673 212 752 237 sunt.
763 205 782 220 ”
824 207 899 236 Idem
916 208 1061 244 Diogenes
1084 208 1140 237 hoc
1155 210 1189 237 de
1207 209 1375 247 Chrysippo
1399 211 1478 240 affert
1497 212 1535 249 (1
1550 212 1582 249 >t

84 277 104 293 ,‚
124 257 245 293 Oportet
275 258 366 285 vivere
396 257 553 285 secundum
589 257 719 293 peritiam
753 265 848 286 eorum
883 267 955 294 quae
980 265 1096 288 naturae
1119 260 1316 296 conveniunt,
1345 262 1365 293 i.
1387 270 1414 290 e.
1436 263 1536 300 eligere
1555 270 1581 292 et

85 328 105 344 ,,
126 308 247 344 probare
270 316 300 336 ea
327 316 398 344 quae
416 308 572 337 secundum
587 315 715 336 naturam
733 316 800 337 sunt
818 311 859 346 (2
872 310 899 347 J.
913 310 934 323 '⁸
956 327 994 333 -—
1013 310 1132 339 Marcus
1147 311 1338 348 Antoninus,
1359 313 1443 350 eujus
1460 315 1585 343 auctori-

81 365 126 388 tas
150 359 180 387 in
208 359 336 388 Zenonis
367 359 466 388 schola
488 359 608 387 maxima
632 359 774 394 habetur,
802 361 886 389 docet
912 360 1000 397 (3):
1054 381 1073 397 „
1094 349 1271 397 Sequendam
1301 371 1364 392 esse
1389 371 1416 392 et
1440 365 1585 400 propriam

69 416 212 440 ,naturam
245 416 272 438 et
298 417 426 439 naturam
453 410 622 439 universam.
663 409 826 446 Utriusque
848 412 920 441 enim
952 420 1035 441 unam
1071 414 1244 449 eandemque
1272 422 1333 443 esse
1361 415 1448 444 viam.
1488 415 1584 444 Nobis

78 452 198 497 dignum
225 469 288 489 esse
312 467 427 495 nostrae
453 467 567 490 naturae
591 459 781 489 conformiter
805 461 898 490 vivere
921 462 1002 499 (4).
1046 463 1110 492 Hoc
1147 465 1303 494 cavendum
1330 473 1365 494 ne
1399 466 1469 501 quid
1495 465 1583 495 facia-

81 518 146 540 mus
169 513 248 547 quod
270 513 397 541 hominis
418 518 520 540 natura
546 512 683 547 impediat
711 513 796 550 (5):
819 514 1019 543 attendendum
1041 516 1076 543 ad
1101 515 1199 543 mundi
1224 521 1252 543 et
1275 516 1310 543 ad
1333 523 1411 545 suam
1436 522 1585 552 naturam,

79 562 115 591 ad
142 562 295 599 utriusque
316 564 389 592 inter
409 571 439 591 se
460 562 505 591 vel
530 563 756 592 convenientiam
784 564 829 592 vel
855 563 1039 593 differentiam
1066 564 1173 602 (6).”

115 613 172 643 Sed
192 621 220 642 et
237 613 385 643 Cleanthis
404 614 572 642 sententiam
589 613 691 648 paucis
711 614 855 642 illustrare
872 616 1011 644 conabor.
1051 616 1124 651 Ille,
1146 622 1178 644 ut
1193 616 1338 653 vidimus,
1358 625 1417 647 non
1433 619 1589 655 particula-

77 672 159 700 rem,
181 666 230 694 sed
248 666 336 695 solam
355 672 533 693 communem
555 663 695 692 intellexit
712 670 852 694 naturam.
900 665 979 703 Quid
997 673 1089 696 autem
1110 667 1164 695 sub
1182 674 1309 696 naturae
1327 677 1397 697 voce
1417 669 1557 698 intellexit
1568 671 1589 698 '‘c'’

79 714 131 743 ille
147 715 219 752 (7)
236 717 287 751 qui
305 716 470 744 Stoicorum
490 722 621 742 caussam
636 714 696 749 ita‘,
717 721 747 743 nt
772 714 940 745 Gassendus
966 717 1192 753 Epicureorum,
1213 724 1324 747 tutatus
1343 726 1406 754 est,
1434 720 1582 748 ostendere

77 772 199 795 conatur
226 766 343 795 Stoicos
364 774 414 802 per
433 773 561 794 naturam
579 765 753 802 intellexisse
768 766 858 795 Deos.
900 767 1059 796 Clementis
1082 769 1268 798 Alexandrini
1285 769 1482 798 auctoritatem
1501 769 1583 798 affert

73 815 197 845 dicentis
228 837 246 852 ‚‚
261 817 353 845 stoici
375 817 532 845 secundum
556 823 684 844 naturam
710 817 804 845 vivere
825 817 911 846 finem
936 826 998 847 esse
1015 820 1219 855 decreverunt,
1240 820 1300 848 Dei
1318 828 1425 849 nomen
1451 821 1480 848 in
1495 827 1583 848 natu-

80 876 135 896 rae
162 868 262 897 decore
290 873 511 896 commutantes·
524 866 543 879 ’³
583 866 675 895 Affert
699 873 726 895 et
749 868 869 896 Senecae
894 869 996 897 verba:
1035 889 1053 904 ,‚
1070 869 1254 907 Quid-aliud
1282 877 1325 900 est
1357 865 1468 900 natura'
1498 879 1585 907 quam

70 918 154 947 Deus
187 925 215 946 et
247 918 344 947 divina
375 917 447 946 ratio
474 918 531 946 toti
561 917 670 946 mundo
701 924 728 946 et
761 919 891 953 partibus
920 920 982 956 ejus
1015 919 1160 950 inserta.”
1198 923 1268 950 Item
1303 921 1447 950 Lactantii
1476 922 1583 950 verba:

77 988 98 1004 „
117 968 228 998 Melius
255 969 419 998 stoicorum
444 969 573 997 omnium
600 968 785 996 acutissimus
811 969 937 1004 Seneca,
966 969 1015 1005 qui
1038 970 1110 999 vidit
1140 970 1214 999 nihil
1239 971 1315 1001 aliud
1346 980 1408 1000 esse
1430 978 1583 1007 naturam,

71 1028 158 1056 quam
184 1020 276 1050 Deus.
287 1020 307 1033 '²
345 1019 457 1049 Exinde
481 1019 603 1055 Lipsius
627 1018 768 1047 conficere
792 1011 874 1049 vult:
907 1028 1087 1049 communem
1112 1027 1241 1050 naturam
1260 1014 1426 1058 sequentem
1452 1009 1513 1051 Deo
1528 1022 1583 1051 ob-

53 1077 236 1106 ,temperare.
279 1070 313 1099 In
337 1070 390 1098 hac
415 1070 554 1099 sententia
580 1069 680 1097 iterum
703 1069 837 1098 Senecam
859 1069 948 1099 adfert
967 1071 1118 1101 dicentem.
1160 1091 1180 1105 „
1199 1072 1318 1108 Sapiens
1343 1073 1486 1108 quidquid
1515 1081 1580 1101 eve·

72 1121 167 1157 nexit,
188 1121 390 1157 sciet:.legem
408 1129 469 1149 esse
489 1128 626 1155 naturae,
649 1120 764 1149 habebit
782 1121 813 1148 in
836 1121 932 1149 animo
951 1120 1023 1150 illud
1042 1129 1124 1151 vetus
1142 1129 1342 1158 praeceptum,
1364 1122 1456 1151 Deum
1473 1123 1577 1159 sequit

75 1172 219 1208 quidquid
245 1180 278 1201 ex
307 1171 433 1200 universi
453 1172 664 1200 constitutione
688 1171 852 1207 patiendum
875 1165 935 1208 est,
970 1180 1073 1210 magno
1099 1173 1257 1210 excipiatur
1285 1173 1393 1203 animo.
1434 1176 1470 1204 ln
1495 1181 1584 1210 regno

42 1257 45 1260 ‚
70 1222 132 1251 nati
153 1230 276 1251 sumus:
299 1223 360 1251 Deo
385 1231 481 1259 parere
506 1223 620 1251 libertas
642 1228 696 1252 est.
707 1222 728 1236 ”

107 1272 156 1303 llli
175 1279 287 1311 autem,
321 1274 371 1311 qui
395 1274 561 1303 Stoicorum
585 1273 780 1303 defensionem
809 1281 990 1311 nequaquam
1010 1274 1199 1311 suscipiunt,
1226 1275 1347 1311 ideoque
1372 1283 1431 1304 non
1454 1275 1579 1305 obscura

798 1324 802 1327 ’
1522 1325 1580 1354 cla-

64 1420 174 1446 hominis
195 1403 314 1454 s-upremo
331 1421 427 1456 bono)
447 1422 583 1448 traduntur.
620 1421 718 1447 Ibidem
736 1421 808 1447 etiam
832 1420 912 1446 dicit:
936 1419 1016 1447 Ratio
1035 1428 1112 1446 unum
1129 1419 1170 1453 (i.
1188 1427 1211 1448 e.
1229 1419 1341 1452 Solum)
1359 1420 1465 1446 hominis
1481 1421 1577 1446 bonum

65 1472 114 1492 est.
127 1478 161 1484 —
185 1484 205 1497 ,‚
223 1466 281 1492 Sola
307 1468 371 1492 ratio
389 1467 502 1500 perfecta
524 1467 650 1493 hominem
669 1468 770 1493 beatum
785 1466 895 1492 reddit.''
932 1485 952 1499 ,‚
971 1467 1006 1493 Et
1027 1468 1089 1492 ratio
1115 1466 1232 1499 perfecta
1256 1467 1385 1499 proprium
1406 1467 1512 1493 hominis
1529 1467 1576 1492 bo-

65 1517 124 1538 num
141 1512 209 1539 est.''

98 1558 168 1592 (ι)
187 1560 264 1591 Diog.
284 1558 373 1584 Laert.
391 1559 452 1585 VII.
472 1567 492 1586 s.
508 1561 548 1592 87.

99 1602 167 1639 (Ξ)
186 1605 232 1631 Cf.
252 1604 344 1630 Sextus
362 1605 459 1637 Empir.
477 1605 535 1633 adv.
551 1605 675 1631 Mathem.
694 1605 727 1631 L.
743 1605 789 1630 xl.
810 1605 835 1636 §.
853 1611 917 1637 170,
939 1604 982 1637 qui
1000 1604 1063 1629 hane
1081 1605 1258 1638 philosophiae
1278 1605 1382 1630 Stoi'cae
1401 1603 1472 1629 tradit
1490 1603 1576 1630 defini·

66 1649 184 1676 tionem:
202 1650 348 1682 ἐπιστήμην
370 1652 487 1684 ἀγαθῶν,
505 1653 548 1677 καῖ
565 1654 649 1678 κακῶν
661 1653 706 1679 καὶ
722 1650 869 1683 cossi-iper:
886 1651 1005 1684 Φρόνησιν
1024 1653 1056 1678 ὡν
1076 1656 1195 1681 ποιητέον
1209 1653 1253 1678 καὶ
1270 1651 1297 1678 οὗ
1315 1652 1435 1681 ποιητέον
1449 1652 1494 1678 καῖ
1509 1651 1576 1677 οὔδει

63 1697 151 1729 νέμων.
185 1696 259 1723 Stob.
280 1698 337 1723 Ecl.
357 1697 418 1723 Eth.
437 1705 463 1730 p.
483 1698 540 1730 167.

63 1757 65 1759 ·
97 1740 114 1774 (
128 1740 169 1776 3)
189 1742 221 1768 L.
236 1742 270 1768 V.
288 1743 312 1775 §.
329 1748 353 1773 3.
373 1741 422 1768 fine
439 1750 463 1768 et
482 1743 529 1769 Vl.
544 1749 579 1777 57
598 1750 622 1769 et
639 1745 679 1777 58.
949 1741 1017 1777 (4)
1035 1744 1068 1771 L.
1083 1744 1189 1771 V1.16.

48 1804 51 1808 -
96 1787 164 1821 (5)
190 1787 222 1814 L.
242 1788 290 1814 Vl.
308 1790 339 1816 28
367 1795 391 1814 et
414 1790 448 1816 L.
465 1789 543 1821 vm,
561 1798 575 1822 5
595 1797 619 1815 et
635 1797 661 1822 9.

95 1833 163 1867 (6)
189 1835 222 1861 L.
241 1835 276 1861 11.
292 1842 319 1867 9.
355 1835 418 1861 Item
438 1836 572 1868 Epictetus
595 1837 620 1861 in
640 1831 787 1862 Enchiridio
814 1843 834 1862 s.
856 1842 899 1869 27.
924 1853 943 1866 ‚‚
961 1837 997 1863 τὶ
1017 1837 1162 1867 καθήκοντα
1181 1839 1214 1870 ῶς
1236 1837 1280 1866 ἐπ’)
1300 1838 1352 1866 ’πᾶν
1376 1837 1438 1868 ταῖς
1462 1835 1572 1870 σχέσεσι

62 1882 272 1914 παραμετρεῖται
296 1881 313 1907 i.
331 1887 356 1907 c.
373 1881 458 1907 officia
479 1890 503 1907 in
521 1883 662 1908 universum
682 1882 843 1907 relationibus
860 1889 1037 1909 mensurantur.

96 1925 164 1959 (7)
189 1926 291 1959 Lipsius
309 1927 333 1953 in
349 1927 459 1955 Manud.
483 1929 501 1956 l.
517 1928 554 1956 11.
572 1928 634 1956 diss.
650 1928 699 1962 16,
716 1934 740 1954 ct
761 1928 876 1961 Physiol.
899 1929 980 1956 Stoic.
998 1929 1020 1956 1.
1038 1928 1098 1957 diss.
1110 1934 1134 1963 5.

906 1987 934 2016 D
