1946 2517
641 168 1020 202 ORATIO
1545 186 1565 223 7

135 259 315 303 Intelligitis
348 269 478 292 omnem
504 270 609 292 meam
647 262 824 294 orationem
852 264 886 295 in
916 263 995 296 duas
1018 264 1083 296 fere
1110 272 1213 309 partes
1239 267 1282 299 ita
1311 266 1430 306 dividi,
1463 277 1498 301 ut
1522 272 1557 303 iu

92 318 193 361 priori
221 316 378 355 doceam,
415 316 573 357 ejusmodi
605 327 671 348 esse
698 323 878 361 temporum
911 320 1095 353 nostrorum
1124 324 1344 356 conditionem
1363 348 1371 361 ,
1408 332 1444 358 ut
1473 330 1558 360 Juris

91 373 202 404 Civilis
225 373 362 404 Romani
384 373 525 405 studium
551 372 643 415 plane
669 376 882 406 necessarium
904 378 960 416 sit,
986 379 1019 410 in
1039 379 1155 417 altera,
1181 391 1261 421 quae
1283 383 1404 424 optima
1422 384 1463 415 sit
1485 396 1557 416 meo

88 429 213 474 judicio
239 429 337 471 hujus
355 429 453 460 studii
476 428 586 461 tuendi
611 429 706 466 ratio,
731 432 839 472 paucis
863 443 1033 475 exponam.

145 487 252 516 Nolite
274 496 350 520 vero
369 485 514 517 arbitrari
533 485 704 518 Auditores
718 486 968 528 Humanissimi‚
991 502 1055 530 me,
1078 494 1224 535 quamvis
1241 494 1412 527 latissimus
1431 496 1557 529 dicendi

89 552 222 583 campus
244 547 364 585 pateat,
389 541 469 572 velle
490 548 594 573 tamen
619 543 654 574 in
682 542 774 573 illum
808 543 993 584 decurrere,
1017 554 1048 578 et
1070 555 1125 579 aut
1149 549 1183 580 in
1208 552 1304 582 unius
1327 554 1413 583 Juris
1444 556 1556 586 Roma.

91 598 127 629 ni
157 597 305 628 laudibus
328 596 518 629 extollendis
549 598 728 641 legitimum
756 599 883 632 dicendi
914 609 1039 645 tempus
1074 616 1282 645 consumere,
1317 615 1371 639 aut
1398 612 1432 641 in
1459 613 1560 655 expli-

87 653 191 685 canda
219 653 259 685 de
286 652 399 692 rebus,
429 664 511 696 quae
539 665 627 686 nunc
653 656 790 687 maxime
812 659 846 688 in
875 660 1002 702 Europa
1031 671 1171 703 aguntur
1189 684 1201 701 ‚
1235 664 1304 695 mea
1337 667 1554 711 qualicunque

85 709 245 742 sententia
281 708 393 741 odium
433 711 608 752 gratiamve
639 723 799 754 quaerere.
862 714 991 746 Etenim
1031 728 1104 749 cum
1137 720 1409 762 jurisprudentiae
1438 726 1554 758 veteris

85 768 277 810 praestantia
298 773 330 798 et
354 766 476 798 utilitas
504 767 606 809 major
629 774 695 807 est,
727 780 823 811 quam
853 781 934 813 quae
962 772 1068 815 aliqua
1092 773 1274 807 laudatione
1303 786 1359 810 aut
1390 790 1555 812 cominen-

87 823 216 854 datione
242 821 405 864 indigeat;
429 829 497 852 tum
515 832 591 853 vero
611 823 806 865 populorum
830 832 862 857 et
884 827 1110 870 imperantium
1141 843 1253 872 cansa,
1278 835 1554 877 quemadmodum

84 891 102 911 a
133 879 243 910 multis
269 878 345 909 satis
373 884 490 908 temere
519 879 553 909 in
586 878 758 912 discrimen
780 888 937 922 vocatur,
982 895 1115 929 magnas
1143 889 1322 934 multasque
1351 892 1444 924 habet
1477 905 1551 925 cau-

81 936 184 967 tiones
207 934 254 965 illi
282 934 466 977 praesertim
489 934 546 976 qui
573 936 800 977 gravissimum
825 940 1006 980 juventutis
1035 944 1232 977 erudiendae
1256 958 1374 980 munus
1410 951 1549 994 recipere

84 1003 182 1024 ausus
216 992 268 1024 sit.
318 991 489 1023 Diversum
517 990 660 1034 profecto
692 999 741 1024 est
774 1001 921 1027 nostrum
953 999 1125 1032 consilium
1159 1009 1190 1033 et
1225 1003 1288 1034 alio
1323 1004 1399 1037 haec
1433 1015 1553 1050 spectat

82 1048 199 1082 oratio!

123 1105 248 1148 Quodsi
277 1103 469 1148 replicamus
495 1110 677 1148 temporum
708 1106 895 1150 longissime
930 1114 1172 1152 praeteritorum
1215 1121 1402 1151 memoriam
1431 1127 1462 1152 et
1490 1125 1550 1155 rei-

79 1162 226 1208 publicae
246 1168 373 1192 nostrae
395 1159 560 1191 historiam
586 1163 778 1204 cogitatione
802 1167 1043 1206 percurrimus,
1078 1169 1259 1202 offeruntur
1287 1174 1381 1207 nobis
1402 1178 1548 1222 undique

78 1219 266 1254 excellentes
290 1218 325 1248 in
347 1217 453 1248 omnis
478 1216 642 1249 doctrinae
665 1218 758 1250 laude
780 1221 860 1258 viri,
882 1222 938 1253 sed
964 1223 1050 1255 haud
1075 1227 1142 1258 scio
1172 1238 1212 1258 an
1238 1229 1326 1261 nulla
1346 1231 1409 1264 fere
1430 1246 1480 1266 ars
1493 1245 1550 1269 aut

77 1275 246 1319 disciplina
268 1280 301 1306 et
322 1274 477 1304 maturius
496 1273 536 1304 ab
559 1273 623 1304 illis
643 1274 755 1306 educta
781 1283 812 1307 et
837 1276 1024 1323 diligentius
1045 1284 1234 1317 confirmata
1255 1294 1287 1319 et
1307 1290 1421 1323 melius
1442 1295 1553 1326 excul-

76 1342 108 1367 ta
132 1335 173 1366 sit
194 1344 292 1377 quam
311 1333 563 1376 Jurisprndentia
581 1333 743 1369 Romana.
787 1337 899 1380 Neque
923 1338 1041 1371 mirum
1064 1340 1124 1372 hoc
1143 1342 1238 1374 alicui
1262 1346 1402 1379 accidere
1428 1357 1540 1392 potest,

75 1394 150 1424 Erat
168 1402 202 1422 ea
224 1389 388 1433 quondam
404 1391 608 1432 Reipublicae
631 1401 757 1427 nostrae
790 1398 890 1436 ratio,
914 1409 950 1430 ea
973 1399 1059 1431 suris
1092 1403 1228 1434 Romani
1266 1404 1314 1434 vis
1340 1411 1371 1435 et
1403 1412 1544 1439 auctori.

74 1454 139 1485 tas,
161 1448 183 1478 ii
198 1446 338 1490 denique
358 1447 470 1490 populi
490 1451 589 1480 nostri
609 1461 734 1489 mores,
759 1453 946 1495 ingenium,
963 1455 1104 1496 indoles,
1119 1465 1155 1488 ut
1174 1458 1234 1489 hoc
1253 1460 1396 1492 studium
1419 1462 1453 1493 in
1479 1464 1538 1495 hae

77 1510 184 1536 nostra
208 1504 355 1545 inprimis
375 1504 475 1546 patria
490 1511 521 1535 et
546 1506 652 1548 vigere
671 1518 762 1550 posse
779 1516 809 1540 et
828 1509 942 1542 florere
958 1518 989 1543 et
1003 1512 1168 1556 dignitatis
1184 1525 1259 1546 suae
1280 1517 1416 1549 tuendae
1433 1519 1542 1552 locum

76 1560 307 1603 amplissimum
329 1560 488 1592 invenisse
515 1562 686 1596 videretur.
733 1565 841 1597 Stabat
869 1575 975 1599 antem
1001 1571 1133 1613 antiqua
1156 1582 1206 1602 res
1232 1574 1347 1604 Batava
1380 1585 1447 1606 non
1477 1584 1541 1608 tam

77 1618 145 1661 lege
161 1616 267 1659 aliqua
293 1616 410 1659 scripta
430 1627 526 1659 quam
550 1620 694 1651 moribus
720 1627 752 1652 et
780 1622 947 1667 disciplina
976 1633 1007 1657 et
1032 1627 1201 1665 institutis,
1225 1640 1306 1671 quae
1330 1640 1347 1660 a
1362 1632 1540 1673 Majoribus

70 1681 196 1717 accepta
219 1680 325 1705 sancte
345 1673 555 1715 colebantur,
587 1682 623 1707 ut
647 1681 781 1719 posteris
812 1680 962 1723 deinceps
989 1684 1111 1725 integra
1145 1685 1225 1715 tradi
1259 1693 1399 1728 possent.
1452 1689 1538 1721 Hsnc

71 1730 225 1762 naturalis
253 1729 409 1772 quaedam
432 1732 632 1762 necessitudo
660 1741 782 1766 mature
808 1738 902 1768 nobis
928 1740 1102 1771 intercessit
1120 1751 1194 1771 cum
1212 1741 1266 1771 itt-:1
1284 1743 1432 1781 natione,
1460 1756 1541 1787 quae

73 1788 222 1818 extremis
246 1787 323 1829 ipsis
345 1786 565 1830 temporibus,
590 1799 664 1820 cum
687 1790 826 1822 deletum
849 1792 912 1825 fere
937 1802 1017 1826 esset
1038 1807 1134 1827 omne
1162 1797 1293 1840 Imperii
1325 1802 1460 1831 Romani
1479 1813 1539 1832 no·

71 1854 168 1882 men,
197 1844 361 1885 antiquam
389 1850 493 1875 tamen
516 1846 660 1887 Legum,
692 1858 819 1880 morum
847 1857 879 1881 et
906 1852 1146 1892 institutorum,
1169 1866 1250 1897 quae
1277 1867 1352 1887 cum
1384 1858 1450 1900 ipsa
1482 1860 1538 1890 Ur-

67 1900 107 1933 be
126 1907 198 1932 uata
214 1907 324 1939 eraut,
349 1902 485 1944 speciem
511 1903 537 1932 si
561 1904 668 1934 minus
695 1905 844 1945 referret,
869 1916 953 1939 certe
971 1909 1110 1952 aliquam
1134 1911 1249 1943 referre
1268 1913 1418 1946 studeret.

110 1957 270 2000 Occupata
300 1967 317 1987 a
339 1957 486 1989 Barbaris
511 1959 618 1999 Italia,
651 1972 719 1994 non
750 1963 888 1995 multum
919 1964 951 1996 hi
976 1976 1143 2008 curavere,
1176 1967 1335 2012 quidquid
1363 1970 1440 2002 olim
1478 1979 1534 2003 aut

1447 2037 1536 2069 prac-
