1946 2517
290 134 608 175 COMMENTATIO
630 151 675 174 em
693 128 995 182 QU'AEsTroNEM
1015 143 1358 177 PHILOSOPfflCAM.
1554 157 1571 187 7

66 228 69 234 '
105 227 228 267 Quidam
256 228 437 264 voluptatem
465 227 572 255 malum
597 234 649 255 sua
678 232 778 254 natura
803 232 919 261 putant.
961 226 1017 256 Sed
1043 234 1076 256 ut
1098 229 1280 265 perspiciatis
1302 229 1378 258 unde
1403 229 1498 259 omnis
1519 231 1574 260 iste

61 287 147 310 natus
183 280 221 309 sit
246 287 342 314 error,
381 285 469 307 totam
500 286 557 306 rem
594 277 729 313 aperiam.
782 275 878 306 Nemo
909 278 1000 314 ipsam
1033 280 1234 317 voluptatem,
1269 279 1336 316 quia
1368 281 1503 317 voluptas
1532 283 1572 311 sit

59 338 246 366 aspernatur,
268 337 317 359 aut
346 330 428 365 odit,
449 336 497 357 aut
521 328 618 365 fugit,
639 328 689 357 sed
717 328 785 363 quia
800 336 1022 365 consequuntur
1048 331 1142 367 magni
1171 332 1285 360 dolores
1315 340 1366 360 eos
1386 332 1437 368 qui
1465 333 1574 362 ratione

61 383 248 417 voluptatum
271 382 353 417 sequi
373 381 520 410 nesciunt.
562 380 666 415 Neque
691 387 779 415 porro
800 381 954 416 quisquam
979 388 1042 417 est,
1064 384 1115 418 qui
1136 384 1264 411 dolorem
1290 383 1406 419 ipsum,
1429 383 1497 419 quia
1522 384 1574 412 do.

61 433 105 461 lor
129 433 188 468 sit,
219 439 315 466 amet,
346 437 550 465 consectetur,
581 430 701 466 adipisci
731 431 821 468 velit3
852 432 903 460 sed
931 433 997 468 quia
1023 441 1240 469 nonnumquam
1268 435 1411 472 ejusmodi
1441 441 1571 470 tempora

59 482 210 518 incidunt,
239 489 272 511 ut
307 483 404 511 labore
430 489 458 511 et
487 482 587 510 dolore
617 489 745 517 magnam
772 482 898 518 aliquam
922 490 1038 519 quaerat
1068 485 1257 520 voluptatem.
1305 484 1380 522 Quis
1406 492 1498 513 autem
1525 486 1571 514 vel

57 542 122 563 eum
144 536 207 572 jure
237 533 465 571 reprehenderit,
494 533 544 569 qui
574 533 603 562 in
634 541 665 562 ea
691 534 842 569 voluptate
870 535 938 563 velit
962 543 1049 571 esse,
1079 543 1161 570 quam
1194 536 1267 564 nihil
1294 536 1440 565 molestiae
1464 545 1568 565 conse-

59 592 183 622 quatur,
205 586 251 614 vel
276 585 378 620 illum,
401 584 452 620 qui
478 584 606 613 dolorem
630 592 694 612 eum
720 583 831 621 fugiat,
854 594 913 622 quo
938 587 1074 622 voluptas
1100 586 1178 614 nulla
1204 593 1319 623 paretur
1339 587 1422 624 (1).

94 639 150 667 Sed
174 638 308 667 universe
331 637 468 673 voluptas
491 637 605 666 videtur
630 645 717 672 esse,
740 644 771 665 ut
800 637 996 674 principium,
1018 638 1058 667 ita
1078 644 1105 666 et
1127 637 1194 667 finis
1221 639 1316 666 beatae
1337 637 1431 674 vitae;
1454 638 1570 673 quando

53 695 98 718 est
117 689 226 718 bonum
252 688 375 725 primum
399 695 428 717 et
450 688 660 724 congenitum,
681 688 801 724 ipsaque
825 695 869 717 est
891 697 905 717 a
931 696 988 724 qua
1012 688 1181 717 electionem
1205 687 1361 724 fugamque
1382 696 1493 717 omnem
1517 698 1569 717 au-

53 740 222 777 spicamur,
243 747 270 768 et
291 740 321 768 in
346 747 430 775 quam
458 740 571 768 tandem
601 740 783 776 desinimus,
804 740 860 769 hoc
883 739 988 769 affectu
1007 740 1054 769 usi
1074 746 1217 775 tamquam
1235 741 1331 776 regula
1350 739 1385 768 ad
1408 747 1492 768 omne
1518 741 1570 768 bo-

47 799 116 821 num
136 791 350 828 dijudicandum
371 791 450 828 (2).

88 842 128 871 Et
153 843 331 879 voluptatem
355 842 472 877 quidem
498 849 563 871 esse
585 843 708 878 primum
732 842 979 878 congenitumque
1005 842 1136 877 bonum,
1166 842 1248 878 sive,
1278 848 1312 871 ut
1337 841 1431 870 solent
1454 841 1568 876 dicere,

50 894 175 931 primum
205 900 329 930 aptum,
361 894 669 929 accommodatumque
699 900 838 928 naturae,
867 902 902 922 ex
927 902 962 923 eo
988 893 1220 928 demonstratur,
1252 893 1332 929 quod
1356 901 1440 921 omne
1460 893 1565 921 animal

46 945 134 975 simul
167 951 256 980 atque
282 951 381 973 natum
404 944 442 973 sit
467 944 648 980 voluptatem
678 951 809 981 appetere
832 953 922 980 eaque
949 945 1072 982 gaudere
1102 951 1133 972 ut
1157 952 1270 972 summo
1305 944 1405 980 bono,
1436 944 1565 971 dolorem

45 996 192 1032 aspernari
220 1001 254 1024 ut
275 1003 420 1024 summum
450 996 577 1030 malum,
605 1002 633 1024 et
665 1002 805 1031 quantum
830 996 946 1032 possit,
974 1005 989 1025 a
1015 1004 1046 1024 se
1071 995 1205 1031 repellere
1235 995 1330 1031 solet;
1362 994 1450 1030 idque
1474 994 1566 1023 facere

46 1048 176 1076 nondum
196 1046 405 1082 depravatum,
428 1046 492 1082 ipsa
518 1053 620 1075 natura
638 1047 807 1082 incorrupte
835 1053 921 1083 atque
946 1047 1054 1084 integre
1079 1047 1227 1083 judicante
1247 1045 1332 1082 (3).
1382 1045 1448 1074 Hoc
1476 1052 1502 1073 et
1529 1053 1565 1074 ex

44 1107 79 1128 eo
105 1097 293 1127 confirmatur
317 1097 397 1132 quod
425 1095 549 1126 felicitas
576 1105 635 1126 non
655 1097 769 1126 aliunde
786 1105 850 1125 esse
870 1096 993 1126 felicitas
1019 1097 1215 1134 intelligitur,
1238 1104 1323 1132 quam
1348 1096 1415 1132 quia
1440 1102 1484 1124 est
1505 1103 1564 1125 sta-

45 1156 114 1186 tus,
143 1150 173 1178 in
195 1157 256 1185 quo
287 1148 354 1176 licet
384 1156 469 1184 quam
508 1148 680 1177 suavissime
702 1147 990 1184 jucundissimeque,
1018 1148 1073 1177 hoc
1104 1154 1168 1184 est,
1197 1154 1336 1183 quantum
1365 1146 1423 1176 fieri
1457 1152 1554 1183 potest

48 1200 172 1230 maxima
197 1207 262 1228 cum
283 1200 435 1235 voluptate
453 1200 562 1236 degere.
603 1198 689 1227 Tolle
705 1199 779 1228 enim
800 1199 872 1228 hanc
890 1200 1057 1228 suavitatem
1071 1219 1081 1234 ,
1102 1188 1280 1234 voluptatem
1304 1206 1320 1227 e
1341 1198 1421 1233 vita,
1443 1206 1533 1234 ecqua
1546 1217 1557 1233 ,

43 1261 172 1289 quaeso,
194 1251 247 1280 tibi
275 1253 358 1280 notio
380 1251 527 1280 felicitatis
551 1251 710 1287 supererit,
731 1258 792 1279 non
819 1250 934 1279 divinae
958 1251 1064 1286 modo,
1087 1258 1183 1279 verum
1206 1257 1234 1279 et
1254 1249 1371 1278 alterius
1393 1249 1485 1286 (4ss

80 1304 153 1332 Duo
177 1309 245 1332 sunt
267 1304 455 1338 voluptatum
483 1310 595 1339 genera.
644 1302 743 1330 Altera
767 1303 883 1338 quidem
910 1303 1034 1338 spectari
1059 1308 1159 1338 potest
1184 1308 1327 1337 tamquam
1354 1301 1383 1329 in
1405 1307 1483 1328 statu
1509 1307 1560 1327 seu

41 1355 156 1391 quiete,
185 1354 256 1382 adeo
281 1360 313 1381 ut
332 1353 406 1382 nihil
435 1353 512 1381 aliud
537 1352 577 1380 sit
599 1360 683 1388 quam
713 1354 885 1389 placiditas,
906 1353 1015 1382 sedatio
1034 1359 1062 1382 et
1086 1353 1216 1381 vacuitas
1242 1352 1443 1380 immunitasve
1462 1359 1477 1379 a
1497 1358 1562 1386 per-

7 1414 17 1420 *
38 1405 204 1435 turbatione
227 1411 254 1432 et
273 1404 391 1433 dolore:
414 1403 499 1432 altera
520 1412 587 1432 vero
613 1407 760 1440 tamquam
784 1404 814 1433 in
839 1410 941 1439 motu,
964 1410 996 1433 ut
1013 1405 1158 1433 consistat
1179 1404 1208 1432 in
1233 1403 1313 1431 suavi
1333 1402 1480 1436 motione,
1502 1401 1560 1429 vel-

41 1457 84 1485 uti
107 1456 233 1491 laetitia,
255 1455 402 1484 hilaritate
427 1461 454 1483 et
478 1462 652 1490 quacunque
675 1463 780 1484 sensus
802 1455 931 1492 jucunde
957 1461 984 1483 et
1009 1455 1128 1491 quadam
1154 1453 1237 1490 quasi
1265 1453 1415 1482 dulcedine
1437 1458 1465 1480 et
1488 1452 1560 1480 titil-

39 1509 144 1537 latione
167 1513 321 1541 movetur‚
345 1512 397 1540 ut,
420 1505 487 1533 dum
516 1505 582 1540 quis
604 1513 654 1540 per
671 1504 774 1534 famem
798 1512 825 1534 et
849 1506 929 1534 sitim
958 1506 1016 1534 edit
1035 1514 1068 1534 ac
1094 1504 1169 1533 bibit
1190 1504 1274 1542 (5).

78 1558 203 1596 Quando
226 1558 407 1592 voluptatem
432 1555 556 1584 dicimus
579 1554 697 1591 Finem,
719 1564 778 1585 non
801 1556 991 1593 intelligimus
1022 1564 1069 1585 eas
1093 1556 1280 1591 voluptates,
1301 1562 1373 1591 quae
1400 1560 1469 1583 sunt
1490 1562 1555 1582 aso-

33 1618 163 1645 torum,
191 1616 240 1638 aut
266 1609 388 1636 aliorum
415 1607 500 1635 etiam
527 1614 668 1641 quatenus
690 1604 858 1642 spectantur
888 1607 918 1636 in
946 1607 1010 1643 ipsa
1039 1606 1153 1636 actione
1179 1605 1316 1640 fruendi,
1342 1606 1392 1634 sed
1416 1605 1489 1634 illud
1513 1605 1557 1634 iu-

38 1661 195 1698 telligimus
219 1666 279 1688 non
302 1659 396 1687 dolere
423 1664 566 1694 corpore,
598 1663 687 1693 atque
712 1658 809 1687 animo
841 1666 901 1688 non
923 1658 1085 1696 perturbari
1116 1657 1195 1697 (6).
1242 1656 1349 1686 Procul
1375 1664 1556 1686 removemus

1497 1714 1555 1737 tur·

70 1791 137 1828 (ι)
154 1792 216 1820 Cic.
231 1791 335 1818 Finibus
362 1791 386 1818 1.
409 1798 450 1818 10.

69 1839 136 1875 (2)
154 1840 261 1873 Epicur.
278 1839 302 1864 in
319 1839 404 1871 Epist.
420 1839 449 1864 ad
466 1838 589 1867 Menoec.
601 1838 668 1871 apud
683 1838 762 1871 Diog.
778 1838 879 1869 Laert„
897 1838 930 1866 X.
950 1844 1009 1870 ¹29·

71 1887 137 1921 (3)
155 1887 257 1912 finibus
280 1885 302 1912 1.
322 1892 350 1917 9.
488 1885 551 1919 (4)
581 1885 723 1916 Gassendi,
742 1885 775 1912 T.
789 1885 826 1911 11.
845 1892 873 1917 p.
884 1890 945 1917 430-

71 1932 137 1967 (5)
155 1933 217 1960 Cic.
235 1932 337 1959 Finibus
355 1931 380 1959 1.
397 1939 439 1960 11.
469 1932 610 1964 Gassencfi,
629 1932 661 1959 T.
681 1932 716 1958 11.
742 1939 768 1964 p.
785 1938 846 1963 430·
871 1931 924 1957 col.
941 1937 968 1956 2.

76 1979 140 2013 (6)
158 1980 265 2012 Epicur.
281 1980 307 2006 in
320 1979 374 2014 Ep.
388 1978 418 2005 ad
433 1978 557 2007 Menoec.
569 1979 635 2012 apud
652 1979 732 2012 Diog.
751 1978 855 2011 Lam,
873 1977 907 2005 X.
921 1983 964 2009 ¹31
983 1981 1044 2008 sqq,
