1946 2517
330 185 383 223 ιδ·-
753 174 1395 218 s.ct;AR1ssz;

337 277 387 308 vis
413 272 538 306 bonum
569 268 710 302 alacriter
735 267 920 301 sectandum
950 268 1124 300 incitentur
1149 273 1181 300 et
1204 268 1294 312 quasi
1325 265 1585 309 inflammentur,
1613 269 1676 302 nisi
1698 267 1803 302 Th'eo':

342 331 418 374 logo
439 328 630 373 philosopha
654 327 695 358 sit
718 337 825 375 rerum
850 325 890 357 ad
914 325 1100 368 religionem
1125 325 1351 368 pertinentium
1378 325 1532 367 cognitio.
1580 327 1648 357 Aut
1669 335 1805 369 quomo·

341 387 386 420 do
420 388 490 424 Tu,
523 383 746 416 facundissime
778 391 936 420 pamm,
977 382 1039 413 nisi
1066 381 1188 413 tamdiu
1220 383 1253 413 in
1290 391 1519 414 sanouoms
1551 384 1616 421 tui,
1649 384 1747 414 unius
1771 392 1808 413 o·

347 444 474 476 mnium
497 441 719 484 sapientissimi
739 438 852 480 Regis,
875 437 1045 480 paroemiis
1069 443 1100 467 et
1123 437 1323 480 philosophia
1348 437 1430 468 vitae
1450 439 1606 480 posuisses
1633 438 1808 470 contuber-

346 500 457 535 nium,
496 496 662 538 divinique
702 493 888 536 Philosophi
919 493 1025 524 studio
1059 493 1310 536 eloquentissimi
1343 492 1611 536 Philosophorum
1644 506 1820 528 cronno*

346 563 413 586 nis
437 551 578 584 studium
603 557 727 582 mature
749 549 966 592 adjunxisses,
995 560 1064 581 eam
1094 550 1246 592 consequi
1272 551 1428 592 potuisses
1457 551 1622 593 perspicue
1651 551 1809 593 docendi,

349 613 487 655 graviter
504 609 715 649 adhortandi,
738 609 877 641 suaviter
893 607 1150 646 consolandi‚'et
1169 605 1347 638 incredibili
1366 607 1524 637 sermonis
1538 606 1712 650 elegantia,
1736 619 1820 641 cum·

349 677 442 700 aures
472 673 625 705 nostras,
649 672 718 697 tum
748 671 870 696 mentes
905 663 1108 696 demulcendi
1138 663 1349 694 facultatem?
1394 663 1502 705 Quam
1528 674 1602 695 cum
1628 675 1741 698 omnes
1768 665 1820 698 ad·-

347 733 470 760 unum,
495 721 624 753 nemine
647 726 802 763 negante,
825 720 861 750 in
881 721 925 750 Te
952 726 1125 761 agnoscant
1147 726 1178 750 et
1199 719 1417 757 admirentur,
1438 720 1520 751 bene
1540 721 1676 751 omnino
1695 720 1808 760 habet,

345 778 443 822 quod¹
462 779 507 809 Te
535 776 780 819 augustissimus
810 778 880 808 Rex·
913 782 1022 807 noster
1058 774 1264 807 Academioae
1293 775 1461 806 Juventuti
1491 774 1551 806 hac
1579 777 1676 806 etiam
1706 783 1824 819 parte„

348 835 549 878 exemplum,
580 833 678 877 quod
706 833 823 865 imitari
857 832 1057 876 aliquatenus
1082 831 1227 870 studeat,
1271 831 1370 873 quasit
1399 829 1598 872 postliminio
1626 839 1812 865 revocatum

349 891 573 936 proposuerit..
608 889 712 932 Hujus
746 900 822 921 vero
846 888 1024 932 gravissimi
1048 888 1192 920 muneris
1218 887 1372 930 quoniam
1406 896 1441 917 ea
1463 892 1511 917 est
1530 888 1630 925 ratio,
1662 894 1699 919 ut
1724 899 1826 921 novo*

349 948 489 992 quodam
514 946 758 979 necessitudinis
780 945 913 978 vinculo
939 948 1059 978 Tecum
1085 955 1145 988 ego
1173 950 1204 975 et
1227 944 1370 986 optimus
1391 941 1518 984 Collega
1541 952 1829 977 SURINGARuffl

351 1005 604 1046 conjungamur,
638 1004 680 1034 ita
709 1008 827 1034 statuas
849 1002 963 1041 velim,
995 1001 1078 1034 nihil
1105 1001 1200 1034 nobis
1221 999 1526 1042 acciderevpoxuisse
1546 999 1742 1041 jucundius,
1766 1002 1811 1033 si-

354 1060 486 1103 quidem
514 1060 761 1102 occupatissimo
796 1059 958 1102 ceteroqui
988 1067 1196 1090 vonas-'rto
1229 1063 1342 1087 nostro
1373 1055 1470 1087 nobis
1508 1061 1590 1086 esset
1623 1056 1811 1099 carendum²

351 1126 449 1159 quam
476 1121 512 1146 ut
535 1116 584 1144 Tu
617 1115 651 1144 in
682 1115 752 1156 ejus
774 1114 882 1145 locum
910 1114 1104 1146 succederes.
1156 1113 1363 1145 Gratulamur
1397 1111 1469 1142 Tibi
1495 1110 1711 1143 honorificum
1735 1112 1828 1145 illud:

352 1172 447 1214 Regis
472 1170 653 1208 decretum3
684 1169 881 1212 gratulamur
907 1169 1021 1207 nobis,
1052 1168 1093 1200 ad
1117 1169 1225 1200 omnia
1247 1167 1352 1200 officia
1377 1166 1565 1211 praestanda
1583 1167 1789 1210 paratissimis
1803 1191 1827 1209 ,.

352 1230 416 1265 Te,
443 1227 548 1269 operis
573 1224 765 1256 difficillimi·
779 1226 919 1257 socium:
955 1225 1152 1268 gratulamur
1184 1226 1324 1269 denique
1348 1225 1389 1257 de
1421 1226 1482 1264 Te,
1512 1225 1586 1267 jam·
1608 1225 1740 1268 saepius·
1755 1236 1815 1268 pro

354 1284 533 1316 Christiana
555 1282 710 1313 concione
737 1281 881 1322 dicturo,
902 1289 934 1314 et
955 1283 1141 1315 Academiae
1156 1282 1301 1321 civibus,
1323 1287 1355 1313 et
1375 1281 1410 1312 in
1434 1280 1485 1313 his
1509 1281 1678 1323 praecipue
1699 1280 1823 1314 futuris

350 1340 542 1372 ¹divinorum
566 1337 769 1368 oraculorum
796 1339 1043 1381 interpretibu8‚
1068 1339 1149 1382 quin
1175 1338 1447 1371 universocoetui
1462 1337 1634 1380 Leydensi:
1658 1344 1758 1381 utque
1778 1350 1824 1371 ex>

358 1395 530 1438 conjuncta
547 1401 657 1426 nostra
672 1405 765 1438 opera
784 1394 922 1427 multum
939 1395 1164 1433 emolumenti,
1178 1396 1245 1427 veri
1258 1394 1344 1426 illius
1360 1401 1391 1427 et
1405 1400 1568 1426 aeternum
1582 1393 1756 1436 profuturi,
1784 1396 1833 1427 iu-

356 1461 491 1489 omnes,
531 1451 588 1492 qui
627 1461 686 1481 nos
717 1451 869 1491 audiant,
923 1452 1178 1485 redundaturum
1210 1454 1284 1495 sit,
1314 1458 1388 1485 vota
1423 1461 1648 1494 nuncupamus
1685 1451 1825 1483 sincera..

361 1511 450 1548 Quae
476 1509 546 1545 Tu,
579 1518 599 1538 o
618 1509 705 1538 Deus
728 1509 768 1539 O.
791 1510 856 1546 M.,
890 1520 949 1552 pro
978 1510 1132 1552 singulari
1150 1513 1218 1542 Tua
1235 1508 1418 1547 clementia,
1455 1519 1510 1551 per
1538 1516 1677 1538 susum
1706 1517 1837 1539 cnut-x

360 1575 489 1603 srnm,
530 1573 737 1595 communem
769 1571 918 1597 nostrum
946 1567 1094 1598 omnium
1121 1569 1319 1600 Servatorem
1354 1572 1396 1598 et*
1416 1564 1617 1602 Dominum,
1657 1569 1724 1595 rata
1753 1574 1834 1598 esse*

363 1621 462 1659 velis,
484 1617 608 1662 jubeas!

411 1795 564 1829 Causam,
589 1798 625 1823 ut
639 1793 749 1835 potui,
771 1797 938 1836 peroravi„
973 1796 1047 1836 Quo
1064 1795 1266 1838 potissimum
1281 1793 1449 1826 consilio?⁴
1479 1794 1511 1825 Si
1526 1796 1696 1838 quaeritis,
1717 1798 1754 1830 A.
1771 1796 1828 1839 A'.‚¹

369 1849 473 1881 dicam
505 1849 652 1891 ingenue.
698 1851 858 1889 Quoniam
886 1852 1062 1890 Juvenum,
1098 1851 1133 1882 in
1152 1853 1272 1883 Patriae
1293 1859 1325 1883 et
1348 1851 1505 1882 Ecclesiae
1534 1852 1623 1895 spe'm
1653 1852 1732 1885 laete
1757 1864 1841 1886 suc·-

376 1906 604 1942 crescentium,
629 1906 766 1937 maxime
784 1917 876 1938 causa
892 1907 1000 1939 haberi
1020 1908 1170 1941 videntur
1192 1916 1317 1940 nostrae
1336 1909 1494 1939 orationes
1511 1907 1678 1950 publicae3
1704 1910 1823 1951 (nam,

371 1961 446 2006 quis
473 1961 557 2003 Yos,
581 1963 650 1993 viri
673 1961 890 2006 Amplissimi,
919 1963 1125 2005 Clarissimi,
1142 1965 1375 2004 Eruditissimi,
1408 1964 1521 1996 docere
1551 1965 1585 1996 in
1608 1966 1752 1997 animum
1778 1968 1828 1999 in.

1774 2022 1834 2055 du.
