1946 2517
252 162 295 191 60
606 158 723 195 JANI
762 155 1030 188 RUDOLPHI
1070 164 1143 186 vAN
1183 157 1403 189 MAANEN

510 423 522 433 e-

591 435 894 469 cAPuT
963 434 1442 479 QUARTUM.

855 565 904 587 DE
939 566 1037 589 131le
1076 566 1179 588 1PSA·

259 689 286 726 5.
302 696 351 726 32.
371 650 553 715 Vicusscns
570 684 636 714 bilis
658 691 762 714 nomen
785 690 894 715 tantum
917 686 1066 715 concessit
1081 686 1126 715 illi
1142 685 1270 723 liquori,
1294 685 1344 721 qui
1361 684 1473 721 cystide
1487 685 1670 723 continetur,
1693 688 1763 717 dum

257 739 369 768 laticem
387 737 548 773 hepaticum
566 736 697 773 lymphae
713 736 832 765 nomine
850 737 1012 774 insigniret.
1040 737 1099 766 Alii
1115 745 1183 766 vero
1200 736 1342 773 duplicem
1364 735 1494 765 fecerunt
1508 737 1615 772 bilem,
1636 738 1716 767 aliam
1734 738 1765 768 in

256 791 379 830 hepate,
400 788 480 817 aliam
499 788 528 816 in
548 787 659 824 cystide
676 793 810 816 secretam
823 808 833 823 ,
857 796 976 824 quarum
1002 788 1082 825 prior
1102 794 1178 817 esset
1193 788 1345 816 admodum
1367 787 1494 823 liquida,
1523 788 1631 816 coloris
1656 789 1764 818 subfla-

258 840 423 875 vescentis,
445 839 557 876 saporis
575 847 673 876 parum
692 840 791 867 amari.
829 839 977 869 Posterior
995 848 1065 869 vero
1088 839 1215 874 viscida,
1236 838 1411 868 amarissima
1435 844 1462 866 et
1483 837 1659 868 obscurioris
1683 840 1765 868 colo.

260 892 312 921 ris.
353 891 522 927 Insipiditas
543 890 612 919 bilis
642 889 796 927 Hepaticae
824 890 892 919 satis
918 897 962 920 est
983 891 1099 928 cognita
1122 899 1156 920 ex
1184 897 1287 926 sapore
1315 889 1410 924 dulci,
1432 898 1491 918 non
1513 898 1607 919 amaro
1632 890 1766 928 hepatis,

258 943 357 979 quod,
379 942 444 970 licet
464 941 552 978 hujus
569 940 691 970 visceris
709 941 775 977 pori
794 941 851 970 bile
874 948 1023 978 turgeant,
1044 949 1136 971 tamen
1155 950 1170 970 a
1190 941 1288 971 multis
1311 948 1376 968 cum
1399 940 1610 970 oblectamento
1639 942 1765 971 comedi·

257 1000 324 1030 tur3
346 993 488 1022 amarities
509 1000 576 1020 vero
602 992 670 1020 bilis
693 993 819 1028 cysticae
846 993 996 1022 manifesta
1023 994 1172 1028 redditur,
1193 992 1218 1020 si
1244 999 1342 1020 carnes
1358 998 1558 1027 assumamus,
1581 992 1629 1027 qui
1648 993 1676 1021 in
1691 1001 1764 1022 con·

254 1049 334 1072 tactu
350 1051 414 1072 cum
431 1043 558 1071 vesicula
575 1042 693 1071 fuerunt
714 1045 800 1080 (a).
841 1044 897 1072 Sed
916 1052 950 1072 ex
966 1049 1047 1072 antea
1062 1044 1149 1071 dictis
1172 1043 1283 1071 abunde
1302 1043 1362 1078 jam
1393 1048 1526 1077 constat,
1547 1050 1607 1070 non
1630 1043 1707 1072 aliud
1728 1044 1766 1072 li-

254 1095 374 1131 quidum
394 1094 422 1123 in
441 1094 553 1130 cystide
566 1093 703 1130 reperiri,
723 1093 780 1123 nisi
801 1095 882 1130 quod
903 1094 932 1123 in
958 1095 1058 1130 hepate
1083 1093 1164 1130 prius
1187 1085 1326 1121 secretum
1346 1098 1373 1120 et
1389 1100 1443 1128 per
1456 1093 1575 1121 ductum
1598 1091 1782 1130 hepaticum'

258 1138 375 1175 allatum
392 1144 615 1182 regurgitatione
630 1144 700 1173 illuc
717 1145 886 1181 devehitur,
907 1146 1035 1181 adeoque
1059 1145 1126 1174 bilis
1149 1142 1260 1181 cystica
1287 1144 1381 1173 eadem
1399 1144 1468 1178 erit,
1490 1151 1562 1179 quae
1586 1143 1654 1173 bilis
1677 1145 1763 1182 hepa-

258 1197 335 1226 tica:
357 1197 407 1226 sed
424 1195 604 1225 diuturniore
630 1204 708 1225 mora
727 1197 758 1226 in
772 1197 887 1233 cystide
905 1196 1019 1225 tenuior
1038 1204 1103 1232 pars
1126 1196 1195 1224 illuc
1212 1195 1296 1223 delati
1322 1195 1446 1231 liquoris
1475 1203 1524 1232 per
1544 1195 1761 1226 absorbtionem

256 1249 351 1286 perit,
372 1247 502 1277 nonnisi
525 1247 667 1283 crassior,
691 1256 764 1284 quae
785 1256 876 1284 pura,
904 1247 1016 1277 sincera
1031 1253 1058 1276 et
1078 1246 1345 1276 concentiatissima
1373 1245 1440 1274 bilis
1463 1252 1525 1281 est,
1547 1253 1679 1278 remanet.
1719 1248 1763 1278 Et

255 1301 354 1328 iisdem
378 1300 491 1335 quidem
509 1298 629 1327 dotibus
645 1305 764 1335 utraque
779 1298 848 1328 bilis
866 1298 990 1336 insignis
1015 1298 1089 1335 erit,
1110 1298 1246 1327 omuibus
1272 1305 1340 1327 vero
1364 1297 1460 1326 altiori
1483 1298 1572 1334 gradu
1596 1298 1625 1327 in
1647 1299 1759 1336 cystide

252 1350 430 1379 inveniendis
451 1349 529 1386 (b).

294 1404 321 1437 §.
344 1410 391 1438 ³3·
432 1400 530 1428 Simile
547 1400 618 1435 quid
633 1400 661 1428 in
682 1400 839 1429 secretione
854 1399 972 1428 seminis
990 1400 1195 1429 observamus:
1217 1407 1311 1428 semen
1327 1398 1436 1427 scilicet
1457 1399 1581 1427 testibus
1598 1407 1759 1437 secretum,

254 1461 302 1489 per
319 1453 424 1480 ductus
442 1450 599 1480 deferentes
626 1450 751 1479 defertur
775 1451 810 1479 ad
837 1450 980 1479 vesiculas
1005 1449 1171 1483 seminales,
1200 1449 1306 1483 quibus
1330 1450 1358 1475 in
1387 1449 1593 1484 receptaculis,
1621 1450 1758 1480 diuturno

256 1512 337 1540 saepe
352 1511 479 1540 ternpore
493 1502 600 1531 semine
616 1502 761 1538 turgidis,
785 1502 899 1531 tenuior
916 1509 981 1538 pars
1004 1500 1109 1536 pariter
1130 1499 1224 1536 perit,
1245 1507 1296 1527 nec
1317 1499 1373 1528 nisi
1397 1500 1516 1528 maxime
1541 1508 1757 1531 concontratum

253 1564 348 1584 semen
370 1561 502 1583 remanet.

293 1607 319 1642 §-
343 1614 388 1643 34.
429 1604 575 1642 Quavas
593 1604 640 1632 illa
660 1603 829 1639 inspissatio
846 1611 879 1631 ex
895 1603 1034 1632 sententia
1046 1602 1248 1631 hodiernorum
1266 1600 1505 1639 physiologorum
1519 1601 1554 1630 ab
1571 1602 1758 1633 absorbtione

254 1657 393 1692 pendeat,
414 1663 471 1684 non
493 1662 584 1684 tamen
608 1655 642 1683 ab
662 1655 709 1683 illa
727 1655 878 1683 derivanda
897 1654 1009 1683 videtur
1034 1654 1125 1690 major
1142 1653 1209 1681 bilis
1234 1654 1360 1690 cysticae
1384 1654 1552 1689 viscosita33
1577 1654 1666 1682 :adem
1683 1655 1759 1684 enim

255 1706 440 1741 observatio,
462 1707 496 1734 dc
511 1714 565 1741 qua
582 1706 671 1734 locuti
687 1714 787 1734 sumus
806 1706 836 1734 in
855 1711 976 1734 tractatu
994 1706 1027 1734 de
1043 1705 1164 1733 decursu
1188 1705 1253 1733 bilis
1270 1713 1285 1733 a
1302 1705 1349 1734 (1.
1364 1704 1500 1734 Bernarcl
1513 1704 1614 1739 relata,
1632 1705 1756 1742 probat,

259 1759 336 1794 quod
357 1759 386 1786 in
412 1758 476 1793 ipsa
498 1756 624 1785 vesicula
652 1757 756 1785 humor
771 1756 928 1785 secernitur
944 1756 1096 1785 admodum
1119 1756 1269 1791 viscidus,
1292 1757 1448 1785 secundum
1473 1757 1634 1784 institutam
1661 1758 1762 1793 analy-

1714 1808 1762 1837 sin

279 1885 333 1912 (ι)
354 1885 391 1908 Cf,
408 1885 529 1910 Fourcroy,
550 1883 606 1909 Syn.
624 1883 692 1905 Chim.
714 1884 742 1905 T.
757 1889 778 1910 5.
803 1890 825 1911 p,
840 1887 890 1910 344,

280 1926 331 1952 (b)
352 1926 386 1947 Cf.
404 1924 521 1950 Fruukcn,
538 1924 599 1946 θῦε.
614 1923 638 1943 de
655 1926 709 1950 [lap.
732 1932 752 1951 p.
773 1930 805 1949 19,
825 1925 846 1952 ς.
863 1931 896 1952 ¹9·
927 1924 965 1947 cf.
983 1924 1142 1948 Illumcnhack⁸
1163 1924 1221 1945 Jusr.
1237 1924 1301 1950 Phys.
1322 1923 1341 1949 5.
1355 1926 1404 1950 381.
1439 1925 1475 1946 Cf.
1494 1925 1586 1952 parm,
1607 1925 1677 1947 Anat.
1695 1925 1756 1947 Mel.

254 1967 281 1987 T.
299 1971 318 1989 5.
335 1972 356 1992 p.
373 1967 423 1991 285.
453 1966 488 1987 Cf*
512 1966 631 1991 Sprevgcl,
647 1966 703 1987 I·¹1.
720 1966 782 1991 Phys.
801 1973 822 1993 p.
837 1966 885 1991 ³56.
902 1968 920 1994 ς.
939 1973 986 1992 ¹⁴0.
1015 1967 1052 1988 Ci'.
1071 1965 1175 1994 mucis,
1190 1964 1255 1990 [θ’-μ.
1270 1965 1288 1988 S.
1303 1972 1354 1994 229.
1384 1966 1421 1989 cs.
1439 1966 1537 1993 Pmer,
1557 1966 1619 1991 Med,
1634 1966 1758 1987 Rutu-on.

253 2007 276 2030 B.
290 2011 310 2033 3-
328 2013 349 2033 p-
365 2007 417 2030 208.
448 2006 486 2028 Cf.
501 2006 619 2035 ΙΙάίιΙιιν,
640 2007 706 2033 Phys,
721 2008 747 2031 Β,
762 2013 781 2033 1.
798 2015 823 2036 p,
836 2012 886 2034 232.
901 2007 921 2036 s,
935 2014 972 2037 95.

1940 854 1946 885 i

1939 890 1946 913 Ι

1940 918 1946 930 ι

1940 935 1946 953 Ι
