1946 2517
307 183 344 212 ῃ
580 161 1469 209 'qEJUGENIIDVAVIDs

320 265 365 286 tas
396 256 525 292 aequales
552 254 629 282 vasis
660 254 752 280 eadem
781 257 852 277 terra
881 247 996 283 repletis
1024 245 1174 281 imposuit.
1214 246 1337 274 Alteram
1369 244 1525 273 collocavit
1549 244 1578 272 in
1606 243 1711 280 horto,
1750 243 1819 272 alte·

319 315 376 337 ram
400 307 429 336 in
461 305 611 338 conclavi,
644 309 670 330 et
698 301 768 329 vidit
798 299 921 335 priorem
946 297 1038 325 multo
1063 297 1163 325 laetius
1188 304 1312 326 crescere
1341 303 1425 332 quam
1454 295 1591 331 alteram3
1622 295 1699 331 qnod
1729 295 1820 331 expli-

317 359 438 389 candum
465 357 490 385 ei
514 356 626 384 videtur
660 361 693 380 ex
726 352 844 381 evoluto
876 351 904 378 in
933 348 1005 377 locis
1036 348 1124 376 cultis
1156 347 1248 376 Acido
1274 346 1447 376 Car-bonico.

358 407 467 436 Tribus
495 405 548 434 sub
573 404 674 433 formis
695 403 817 432 Acidum
844 400 1037 430 Carbonicum
1064 399 1098 427 ad
1117 399 1275 434 plantarum
1304 398 1403 426 intima
1430 404 1534 432 organa
1561 397 1708 432 pervenire
1730 396 1818 435 nobis

318 459 413 496 patuit
444 457 582 487 1⁰.1cum
614 453 749 486 vehiculo
771 459 883 487 aquoso
911 458 945 478 ex
971 450 1035 478 solo
1065 448 1231 483 absorberi,
1259 455 1287 476 et
1314 457 1362 484 per
1387 455 1453 476 vasa
1479 447 1598 483 deferri3
1628 446 1674 478 20.
1705 455 1821 483 parvam.

322 508 509 544 quantitatem
540 504 806 540 inrhAtmosphaera
831 507 1004 538 praesentem
1033 508 1048 528 a
1074 499 1155 528 foliis
1183 497 1370 533 suscipiset
1396 497 1439 533 30.
1460 497 1561 526 Noctu
1579 506 1593 526 a
1613 499 1721 534 plantis
1745 498 1819 527 lucis

325 559 444 587 stimulo
471 544 615 586 destitutis
645 555 828 592 oxygenium
855 552 1000 582 absorberi
1026 552 1104 588 quod
1126 558 1219 578 earum
1243 548 1408 579 Carbonico
1435 551 1569 587 junctum
1597 550 1719 578 Acidum
1749 549 1821 579 Car·

315 609 454 638 bonicum
476 608 623 644 producit.

354 660 447 688 Omne
478 667 554 688 nunc
587 657 692 694 quovis
715 657 801 686 modo
829 655 983 683 formatum
1013 652 1138 681 Acidum
1166 650 1360 687 Carbonicum
1390 650 1578 686 absorbetur,
1608 651 1638 680 in
1664 652 1820 682 circuitum

316 712 471 743 humorum
497 709 637 744 ducitur,
668 716 722 744 per·
740 716 807 742 vasa
829 706 976 741 defertur,
1005 712 1032 735 et
1062 705 1104 735 sic
1129 706 1163 734 ad
1188 704 1260 734 folia
1284 711 1312 733 et
1343 712 1435 740 partes
1460 704 1583 734 virentes
1607 707 1748 741 pervenit.
1787 707 1822 737 In

316 762 362 790 his
390 762 555 790 mutabilem
584 759 661 788 subit
687 758 872 787 mutationem
901 764 987 794 atque
1010 757 1159 786 accedente
1183 756 1210 785 vi
1236 756 1354 784 luminis
1385 755 1625 791 decomponitur,
1656 757 1729 785 unde
1750 764 1820 789 tunc.

317 813 512 849 oxyge‘nium.
532 811 706 848 productum
731 809 897 844 exhalatur,
918 814 946 837 et
967 807 1160 837 Carbonicum
1187 807 1301 842 plantae
1325 806 1513 834 assimilatur.
1553 806 1685 835 Alternat
1711 808 1752 836 sic
1773 816 1822 836 ve-

314 865 467 901 getationis
505 864 548 892 vis
587 863 616 890 in
648 862 777 889 vitiando
808 869 839 889 ac
875 859 1039 896 depurando
1070 859 1130 887 aere
1156 857 1410 893 Atmospbaerico.
1452 855 1554 886 Noctu
1578 857 1652 886 enim
1680 857 1823 889 formatur

315 915 438 945 Acidum
465 912 683 947 Carbonicum,
714 912 792 947 quod
815 911 917 947 partim
949 911 1003 938 aeti
1028 912 1220 947 admiscetur,
1259 914 1293 941 de
1325 913 1369 941 die
1401 913 1525 941 Acidum
1554 912 1748 941 Carbonicum
1772 914 1823 943 de-

316 966 502 1002 componitur
525 972 552 994 et
574 963 756 1000 Oxygenium
789 963 962 998 principium
1001 969 1055 990 tarn
1086 964 1274 992 necessarium
1306 964 1469 1001 (pabulam
1500 962 1592 993 velun·
1615 964 1736 1000 vitae‚)
1769 965 1822 992 At.

318 1017 501 1052 mosphaerae
534 1015 671 1051 redditur.
708 1013 836 1051 ¹Egregie
860 1014 939 1041 doct.
963 1012 1087 1050 Pritrgle
1120 1015 1152 1043 in>
1171 1015 1304 1044 Sermone
1329 1015 1423 1043 habita
1457 1013 1499 1043 A0
1522 1022 1594 1051 1773
1619 1014 1648 1042 in
1680 1014 1822 1043 Societate

318 1069 409 1105 Regia
430 1066 629 1102 Londinensi,
664 1072 752 1102 quum
779 1063 957 1100 Priestlcjo,
985 1064 1091 1092 victori
1115 1065 1145 1093 in
1173 1065 1324 1093 certamine
1355 1065 1516 1101 enemim,
1549 1064 1704 1101 praemium
1732 1064 1824 1094 trade-

317 1119 547 1156 ret‚⁷sequentia
568 1119 660 1148 dixit:

358 1192 378 1208 „
397 1173 455 1202 Ces
481 1172 671 1201 decouvertes
704 1178 779 1199 nous
805 1170 986 1199 demontrent
1013 1169 1176 1198 clairement
1200 1168 1364 1204 qu'aucnne
1396 1169 1493 1205 plante
1525 1175 1560 1196 ne
1596 1166 1670 1196 croit
1697 1166 1822 1203 envain‚

321 1244 340 1259 „
359 1224 431 1252 mais
457 1231 512 1259 que
534 1223 646 1258 chaque
673 1221 802 1251 individu
831 1221 900 1248 dans
926 1221 951 1248 le
976 1228 1060 1257 regne
1084 1221 1197 1256 vegetal
1224 1220 1324 1255 depuis
1348 1220 1375 1248 le
1399 1219 1491 1247 chene
1515 1218 1564 1246 des
1591 1217 1681 1246 forets
1704 1217 1824 1254 J'usqu’a

320 1294 340 1310 ‚‚
359 1274 470 1303 l’herbe
494 1274 543 1302 des
569 1273 690 1309 champs
711 1278 755 1300 est
779 1271 849 1300 utile
875 1279 910 1299 au
934 1279 1018 1308 genre
1046 1271 1183 1307 humain3
1207 1279 1262 1306 que
1285 1271 1326 1298 les
1347 1270 1458 1305 plantes
1480 1277 1583 1297 memes
1609 1268 1660 1304 qui
1682 1268 1824 1304 semblent

322 1344 341 1360 „
362 1325 454 1353 n’etre
477 1324 586 1352 donees
612 1324 750 1352 d'aucune
772 1327 852 1355 vertu
877 1321 1059 1356 particuliere
1081 1321 1264 1350 contribuent
1284 1320 1460 1355 emendant,
1481 1320 1515 1347 de
1541 1325 1658 1346 concert
1676 1326 1744 1346 avec
1759 1325 1824 1355 touq

322 1395 340 1410 „
361 1381 404 1403 tes
429 1375 595 1405 les-autres,
615 1373 809 1405 asentretenir
841 1379 922 1401 notre
954 1371 1150 1406 Atmosphere
1185 1370 1253 1398 dans
1291 1370 1316 1397 le
1349 1369 1441 1405 degre
1469 1369 1504 1398 de
1536 1369 1635 1404 purete
1668 1369 1827 1397 necessaire

320 1445 340 1462 „
360 1433 434 1461 pour
456 1426 482 1454 la
504 1424 550 1453 vie
573 1424 622 1452 des
647 1423 797 1458 animatum
828 1423 868 1450 les
905 1422 1017 1458 plantes
1043 1429 1216 1450 veneneuses
1239 1420 1309 1452 elles
1338 1427 1441 1452 memes
1474 1419 1633 1454 cooperent
1659 1417 1674 1446 a
1695 1426 1726 1450 ce
1748 1417 1829 1446 bien-

324 1496 344 1512 „
367 1475 439 1510 fait,
468 1483 536 1504 avec
558 1474 645 1503 celles
672 1473 723 1509 qui
748 1481 778 1501 se
807 1472 986 1508 distinguent
1014 1479 1065 1507 par
1084 1471 1158 1499 leurs
1187 1471 1296 1498 bonnes
1318 1469 1455 1505 qualites.
1495 1467 1581 1497 Enfin
1604 1467 1710 1496 l’herbe
1739 1474 1766 1496 et
1787 1469 1829 1497 les

322 1547 340 1562 „
361 1526 453 1555 forets
485 1526 533 1554 des
565 1533 636 1561 pays
668 1525 707 1552 les
739 1524 807 1559 plus
847 1523 977 1558 eloignes
1007 1530 1034 1550 et
1066 1522 1210 1550 inhabites
1244 1520 1428 1549 contribuerit
1462 1520 1479 1548 ὲ
1508 1526 1590 1548 notre
1623 1519 1827 1551 conservation

323 1597 342 1612 „
363 1585 473 1606 comme
493 1584 568 1605 nous
588 1576 780 1606 contribuons
801 1576 817 1602 :l
837 1574 864 1602 la
885 1573 980 1601 leur.''
1618 1593 1619 1597 ,
1819 1595 1821 1599 ,

337 1629 405 1657 Ἐκ
432 1627 567 1656 omnibus
587 1625 794 1663 vegetabilium
827 1624 958 1660 partibus
987 1623 1052 1651 illae
1085 1629 1216 1658 tantum,
1248 1621 1333 1663 huic1
1350 1621 1437 1650 Acidi
1469 1619 1625 1653 Carbonici
1649 1621 1830 1657 decomposi-

322 1679 394 1709 tioni
422 1678 605 1713 inserviunt,
626 1685 700 1713 quae
724 1676 808 1705 viridi
830 1676 928 1704 colore
949 1675 1091 1711 gaudent,
1115 1673 1181 1702 hInc
1206 1673 1369 1709 praesertim
1391 1671 1480 1705 folia,
1501 1671 1565 1699 dein
1593 1672 1660 1699 rami
1684 1672 1830 1707 virentes,

321 1736 348 1758 et
369 1729 549 1765 aliquantum
576 1728 690 1756 fructus
713 1726 857 1755 immaturi
884 1726 956 1754 illud
982 1724 1145 1760 perficiunt.
1189 1723 1257 1752 Inde
1287 1729 1364 1758 patet
1396 1723 1585 1758 praesentiam
1612 1722 1693 1750 Acidi
1719 1722 1831 1751 Carbo-

320 1779 380 1809 nici
406 1787 522 1809 eatenus
551 1779 638 1808 modo
665 1777 837 1815 vegetationi
866 1777 1020 1812 prodesse,
1051 1771 1194 1811 quatenus
1225 1779 1319 1810 partes
1352 1773 1458 1802 viridae
1490 1773 1648 1808 plantarum
1684 1772 1756 1802 illud
1785 1774 1832 1803 de-

322 1835 495 1866 componere
527 1835 663 1866 possunt.
713 1828 809 1856 Nocet
843 1826 943 1854 exinde
974 1825 1173 1862 germinationi
1214 1824 1282 1860 quia
1315 1821 1428 1860 plantae
1464 1823 1518 1852 hac
1538 1819 1668 1859 periodo
1702 1824 1829 1853 nondum

322 1881 400 1908 hisce
431 1880 560 1915 partibus
591 1880 751 1909 instructae
777 1884 864 1911 sunt,
897 1876 1093 1905 Carbonicum
1117 1884 1150 1905 ex
1172 1876 1223 1904 hac
1247 1874 1496 1910 decompositione
1532 1881 1676 1903 remanens
1703 1875 1833 1904 humori·

322 1931 377 1959 bus
407 1932 519 1967 plantae
551 1931 724 1961 admiscetur
752 1936 779 1959 et
815 1936 911 1958 earum
948 1926 1122 1963 nutritioni,
1161 1925 1343 1963 partiumque
1378 1925 1534 1954 solidarum
1576 1925 1754 1954 restitutioni
1787 1926 1831 1955 in-

320 1988 419 2011 servit.
790 1985 792 1990 ’

1720 2021 1723 2023 ’
1754 2020 1835 2058 Cdn-
