1946 2517
379 129 417 159 32
782 125 1126 156 GULtELmr
1182 114 1483 159 DELPRAT

380 205 477 233 educo
505 206 662 242 sapientem
681 214 714 235 ex
742 207 889 235 hominum
915 215 1034 237 numero
1057 215 1111 236 nec
1135 208 1249 237 dolores
1276 209 1311 237 ab
1331 210 1384 238 illo
1409 209 1486 238 sicut
1509 208 1543 237 ab
1572 209 1666 246 aliqua
1693 217 1763 247 rupe
1785 211 1895 242 nullum

383 263 498 284 sensum
522 257 688 286 admittente
709 259 869 287 submoveo
890 258 997 296 (1).”

438 307 551 336 Diserte
583 316 700 344 quoque
732 308 839 337 Seneca
871 315 953 338 notat
985 309 1041 338 hoc
1077 310 1214 340 interesse
1243 310 1316 339 inter
1344 310 1461 340 Stoicos
1487 317 1515 339 et
1547 311 1690 348 stilponis
1718 319 1896 349 sectatores,

378 358 462 393 quod
480 358 644 386 Stoicorum
664 358 777 394 sapiens
806 360 899 388 vincit
917 360 1030 396 quidem
1051 360 1267 390 incommodum
1290 370 1395 397 omne,
1416 362 1466 391 sed
1482 363 1589 399 seutit3
1614 362 1761 399 Stilponis
1780 363 1895 400 sapiens

379 415 415 436 ne
434 408 522 436 sentit
543 409 670 443 quidem.
1470 446 1476 450 .

379 462 382 464 '
415 459 494 496 Quid
520 459 609 496 igitur
634 461 720 490 refert
743 462 862 492 affectus
886 464 972 493 animi
999 465 1056 493 alio
1088 465 1205 494 nomine
1232 464 1400 500 designare,
1422 462 1604 499 quid-refert
1630 470 1680 491 eos
1705 471 1809 493 vocare
1828 464 1891 495 sive

379 509 595 546 vellicationes,
618 513 680 540 sive
699 522 829 550 morsus,
853 516 1044 553 suspiciones,
1066 515 1217 544 umbrasve
1240 514 1414 551 affectuum,
1443 520 1556 542 tenuem
1582 519 1711 550 motum,
1737 522 1813 550 quos
1839 513 1890 543 alii

393 561 538 596 appellant
559 563 729 600 rationales,
751 566 912 594 moderatos
938 566 1025 595 animi
1050 573 1167 595 naturae
1190 566 1407 595 consentaneos
1423 564 1564 594 motus?-

423 611 474 640 Sin
493 620 560 642 vero
578 613 690 642 videtur
710 615 837 644 Zenonis
857 615 962 645 Schola
979 617 1034 645 hos
1049 617 1131 646 etiam
1152 617 1271 645 affectus
1288 615 1357 645 adeo
1372 606 1657 652 circumscripsisse,
1679 616 1806 652 adeoque
1821 613 1891 644 defl-

330 674 333 679 -
380 663 490 704 nivisse
510 670 540 692 et
560 664 698 693 limitasse
723 671 757 693 ut
779 672 807 693 et
833 666 887 694 hos
908 674 979 702 pene
1001 667 1189 704 exstirparet,
1215 674 1277 695 tum
1296 667 1407 695 demum
1426 667 1619 704 confitentium
1639 673 1682 696 est
1700 675 1798 695 omnes
1816 666 1888 695 istas

376 714 572 743 correctiones
597 723 669 750 quas
698 717 819 753 ἀπαθείᾳ
849 717 987 753 apposuit
1013 726 1100 746 vanas
1122 725 1203 753 esse,
1229 725 1257 746 et
1283 724 1432 754 propterea
1458 718 1657 746 tantummodo
1683 719 1832 754 appositas
1855 722 1889 746 ut

379 764 494 793 immani
512 765 623 793 cuidam
639 766 798 795 sententiae
823 766 921 795 fucum
949 768 1126 804 objicerent,
1151 774 1241 804 utque
1268 767 1360 797 Stoici
1385 774 1529 804 tamquam
1554 767 1673 796 latebras
1699 768 1833 797 haberent
1851 767 1887 808 vin

379 815 487 850 quibus
511 816 666 844 haererent.
706 816 793 845 Tunc
818 817 1011 847 confitendum
1041 827 1086 849 est
1118 821 1186 849 iilos
1212 829 1308 850 revera
1340 821 1515 850 intellexisse
1538 821 1709 856 immanem,
1748 820 1887 857 lapideam

381 867 579 903 severitatem,
604 876 713 896 omnem
738 869 941 898 humanitatem
968 872 1161 909 exstirpasse,
1197 879 1224 900 et
1244 878 1397 907 naturam,
1423 878 1550 901 naturam
1578 872 1662 900 istam
1691 879 1776 907 quam
1814 877 1886 899 tam-

377 921 467 950 quam'
483 917 572 946 Deum
597 919 744 948 colendam
775 926 802 948 et
830 922 1000 956 sequendam
1026 929 1209 958 statuerunt,
1231 924 1374 951 destruere
1398 923 1538 951 voluisse.
1585 922 1625 951 Et
1653 920 1785 958 profecto
1810 921 1888 950 vide-

376 971 423 993 tur
447 966 526 995 Zeno
551 967 602 995 liae
636 970 721 1004 culpa
745 978 803 998 non
833 971 915 1006 plane
945 980 1048 1001 carere.
1099 973 1187 1011 Quod
1221 973 1368 1009 apparebit
1395 973 1420 1000 si
1445 974 1564 1002 alterum
1602 973 1730 1001 Zenonis
1758 971 1885 1001 officium

373 1015 499 1045 hominis
529 1026 591 1054 erga
615 1027 647 1047 se
675 1020 770 1055 ipsum
808 1022 998 1057 exponimus,
1025 1022 1098 1052 iliud
1125 1024 1200 1059 scil,
1229 1031 1264 1051 ex
1287 1031 1346 1058 quo
1372 1030 1510 1058 apparet,
1538 1031 1597 1059 quo
1630 1022 1698 1050 loco
1726 1022 1801 1051 bona
1824 1021 1885 1051 sint

374 1066 512 1097 habenda.
555 1067 629 1096 Nam
655 1070 682 1097 si
703 1070 769 1097 haec
795 1070 869 1098 bona
891 1071 999 1099 nullius
1026 1073 1085 1101 sint
1111 1073 1213 1108 pretii,
1237 1081 1291 1100 cur
1315 1073 1382 1101 haec
1405 1073 1480 1101 bona
1503 1078 1619 1108 cuperet
1643 1072 1787 1108 sapiens?
1816 1071 1882 1101 cut

375 1116 411 1145 iis
434 1118 584 1153 acquisitis
614 1119 779 1155 laetaretur,
807 1129 859 1148 cur
885 1129 915 1150 ea
946 1122 1055 1159 amissa
1090 1124 1217 1158 doleret,
1247 1131 1299 1151 cur
1329 1130 1465 1151 metueret
1495 1123 1588 1152 mala‘.²
1630 1122 1737 1151 Nonne
1762 1127 1833 1151 tunc
1855 1127 1885 1150 et

370 1169 537 1198 levissimus
561 1169 645 1198 animi
669 1177 765 1199 motus
791 1178 909 1208 propter
943 1173 1041 1202 inanes
1069 1181 1114 1203 res
1145 1174 1224 1202 fieret
1250 1179 1279 1202 et
1308 1173 1370 1202 sine
1401 1174 1510 1203 ratione
1540 1174 1639 1203 esset?
1679 1173 1788 1202 Nonne
1811 1177 1882 1202 tunc

375 1226 403 1248 et
429 1219 464 1248 iis
493 1229 590 1249 vacare
615 1221 774 1251 debemus?
804 1229 890 1258 atque
914 1223 944 1252 in
969 1225 1086 1261 stupida
1110 1227 1228 1262 ἀπαθειςι
1256 1224 1386 1253 versari?
1415 1241 1453 1247 —
1481 1225 1572 1260 quue
1602 1225 1708 1253 clarius
1733 1224 1891 1262 apparebit,

372 1270 428 1298 sub
454 1279 569 1300 examen
602 1279 705 1301 vocato
731 1274 858 1302 secundo
883 1274 1008 1303 hominis
1041 1275 1136 1304 officio
1169 1275 1248 1311 quod
1273 1274 1365 1303 Stoici
1385 1275 1495 1304 homini
1515 1283 1579 1312 erga
1599 1283 1630 1303 se
1646 1275 1744 1312 ipsum
1767 1283 1881 1312 praece-

371 1327 492 1356 perunt,
514 1328 547 1350 ut
569 1323 655 1357 scih,
695 1323 752 1352 sibi
779 1332 946 1359 persuasum
965 1325 1066 1354 habeat
1089 1327 1178 1354 solam
1201 1326 1339 1354 virtutem
1363 1326 1489 1354 sufficere
1515 1326 1552 1354 ad
1578 1326 1649 1355 bene
1675 1326 1813 1362 beateque
1834 1326 1880 1356 vi-

369 1372 514 1408 vendum,
536 1381 588 1401 nec
614 1373 688 1402 bona
715 1380 828 1402 externa
850 1374 978 1410 requiri,
1000 1383 1089 1411 eaque
1113 1376 1196 1404 nihili
1224 1375 1327 1404 ducere
1360 1383 1431 1411 quae
1460 1376 1581 1404 molesta
1605 1376 1747 1407 videntur.

373 1446 376 1450 .
408 1422 450 1451 Ut
473 1423 620 1452 videamus
650 1432 711 1459 quo
737 1425 803 1452 loco
826 1432 857 1452 ea
879 1425 1006 1454 habenda
1031 1426 1110 1461 sint,
1132 1434 1204 1462 quae
1225 1427 1299 1454 bona
1325 1433 1485 1462 putantur,
1506 1426 1641 1461 quaedam
1664 1427 1697 1454 de
1723 1434 1813 1455 rerum
1833 1426 1878 1456 di-

377 1473 532 1502 stinctione
570 1476 727 1503 secundum
762 1474 878 1503 Stoicos
906 1476 1069 1510 exponenda
1103 1483 1172 1505 sunt
1190 1497 1201 1512 ,
1231 1484 1323 1512 eoque
1353 1476 1442 1512 magis
1472 1476 1608 1512 quoniam
1638 1476 1676 1505 ita
1705 1477 1876 1514 apparebit,

373 1529 470 1552 utrum
490 1524 607 1553 divitiae
630 1532 810 1561 caeteraeque
832 1533 876 1554 res
900 1533 972 1561 quae
997 1526 1031 1554 ad
1055 1525 1218 1556 felicitatem
1243 1526 1336 1556 facere
1351 1533 1508 1563 putantur,
1530 1532 1626 1556 utrum
1647 1525 1811 1557 felicitatem
1828 1527 1875 1557 vel

1808 1586 1878 1608 con·

398 1655 414 1690 ζ
424 1657 460 1690 1)
479 1659 573 1691 Neque
593 1660 682 1686 horum
697 1660 734 1685 vls
755 1661 876 1688 minuitur
892 1669 936 1695 per
952 1669 981 1689 ea
997 1663 1102 1696 quaein
1118 1663 1203 1689 eadem
1228 1661 1350 1688 sententia
1369 1666 1522 1694 sequunturx
1550 1654 1690 1692 „Memini
1719 1667 1752 1686 ex
1775 1659 1872 1686 duabus

365 1704 474 1734 partibus
491 1705 626 1737 'sapientem
644 1713 696 1731 esse
715 1708 905 1740 compositum
933 1710 1008 1735 altera
1027 1716 1062 1735 est
1081 1710 1246 1740 irrationali53
1265 1709 1325 1734 haec
1346 1707 1491 1737 mordetur,
1509 1707 1606 1737 uritur,
1635 1704 1722 1731 dolet:
1748 1706 1822 1731 altera
1837 1711 1875 1731 est

361 1750 500 1775 rationalis:
527 1750 589 1777 haec
616 1752 777 1778 inconcussas
804 1746 938 1785 opiniones
965 1755 1058 1786 habet,
1081 1743 1208 1787 intrepida.
1227 1762 1263 1780 est
1288 1761 1312 1780 et
1340 1753 1470 1779 indomita.
1485 1752 1500 1762 ”
1545 1752 1614 1778 Haec
1642 1751 1798 1784 superiorum
1818 1759 1873 1778 ver-

363 1795 452 1821 borum
471 1797 521 1822 vim
541 1805 591 1822 nou
615 1797 736 1824 minuunt.
771 1798 836 1824 Nam
858 1800 913 1832 ipse
938 1800 1031 1826 Seneca
1055 1799 1109 1833 (de
1129 1801 1166 1826 Ira
1183 1800 1205 1826 Ι.
1227 1799 1280 1832 16)
1299 1800 1424 1826 consentit
1449 1815 1469 1829 ,‚
1485 1798 1537 1830 ipsa
1560 1804 1640 1823 tamen
1665 1798 1727 1823 haec
1748 1798 1872 1824 rationalis

361 1848 415 1872 pars
436 1843 459 1866 in
479 1844 613 1875 repentinis
635 1844 775 1875 repulsibus
795 1845 882 1870 sentiet
905 1846 983 1871 levem
1007 1847 1137 1878 quemdam
1161 1853 1312 1878 tenuemque
1335 1851 1441 1871 motum.
1482 1844 1548 1870 Nam
1568 1851 1596 1869 ut
1613 1843 1676 1869 dixit
1697 1844 1768 1870 Zeno
1790 1844 1815 1869 in
1833 1850 1870 1868 sa-

360 1888 448 1918 pientis
465 1895 568 1920 quoque
587 1890 670 1914 animo
687 1890 759 1915 etiam
778 1897 836 1917 cum
852 1892 942 1917 vulnus
963 1898 1070 1921 sanatum
1088 1899 1125 1919 est
1142 1893 1248 1920 cicatrix
1273 1897 1362 1919 manet.
1397 1889 1493 1916 Sentiet
1514 1890 1599 1922 itaque
1618 1890 1776 1923 suspiciones
1796 1896 1870 1923 quas·

358 1932 413 1958 dam
432 1940 456 1959 et
473 1934 571 1959 umbras
590 1934 754 1963 affectuum.'‘
