1946 2517
334 130 655 164 COMMENTATIO
680 141 726 163 AD
746 127 1051 171 QUAESTIONEM
1070 132 1416 163 PHILOSOPHICAM.
1592 143 1626 172 5?

116 216 188 246 ratio
211 216 319 245 bonum
349 216 501 252 physicum
528 217 706 253 constituit,
734 218 783 246 sed
807 217 869 246 sola
894 217 939 246 lex
963 215 1090 251 Divina,
1117 224 1177 245 non
1202 225 1270 245 vero
1298 215 1454 252 physicum
1479 216 1624 245 actionum

118 268 224 296 bonum
248 268 450 303 obligationem
477 268 661 296 constituunt
693 273 720 295 et
738 267 871 296 moralem
900 267 1060 297 bonitatem
1083 268 1164 305 (1).

154 317 186 346 In
213 318 400 353 Philosophia
423 327 491 347 vero
508 318 669 347 Leibnitzii
693 318 722 346 in
748 327 865 347 censum
887 327 946 348 nou
972 318 1050 348 venit
1075 319 1212 347 voluntas
1235 317 1310 353 Dei,
1333 325 1388 354 qua
1413 316 1546 353 Supremi
1562 317 1623 346 Do-

115 369 206 404 mini,
228 377 285 397 non
305 370 490 405 dependentia
517 371 650 398 absoluta
671 369 706 397 ab
733 369 806 405 illo,
827 369 911 405 quus
935 369 996 398 idea
1023 371 1052 398 in
1075 370 1160 398 nobis
1181 369 1341 403 excitatur,
1363 368 1479 404 quoties
1497 368 1532 395 de
1552 367 1628 396 obli-

117 422 232 456 gatione
253 429 285 449 ex
312 422 371 457 lege
394 421 498 449 Divina
526 427 587 449 orta
608 428 700 449 sermo
726 425 786 449 est:
808 420 881 448 nihil
911 420 1015 449 horum
1043 421 1090 449 hic
1115 421 1311 449 consideratur
1331 420 1412 457 (2).

152 471 240 510 Quod
263 479 354 500 autem
379 472 481 500 attinet
507 473 541 500 ad
570 472 731 501 communis
757 473 831 501 vitae
863 480 968 508 usum,
998 472 1085 507 hujus
1111 478 1242 507 respectu
1263 470 1356 499 cultui
1380 470 1436 500 Dei
1458 476 1486 498 et
1507 477 1622 498 venera-

117 521 192 552 tioni
218 524 290 552 satis
315 531 499 559 prospectum
525 530 568 551 est
591 532 605 550 a
630 523 829 552 Leibnitziana
852 524 1060 560 Philosophia,
1082 532 1110 553 v.
1133 531 1163 559 g.
1184 524 1212 550 in
1237 523 1436 559 superioribus
1460 521 1630 551 Leibnitzii-
1663 524 1664 531 ¹

116 574 232 603 insertis
260 575 352 609 locis,
372 574 504 618 atquejn
527 575 662 603 universa
689 575 864 604 Theodicea.
907 575 956 603 Sic
975 582 1092 610 quoque
1117 573 1243 602 Wolfius
1259 574 1344 601 docet
1365 574 1449 610 (3):
1473 572 1618 600 hominem

116 633 167 661 per
191 626 281 661 ipsam
308 626 461 653 essentiam
488 632 574 662 atque
595 634 723 655 naturam
755 635 836 657 suam
866 629 994 657 actiones
1019 635 1085 656 suas
1110 635 1208 657 omnes
1234 626 1354 663 dirigere
1380 626 1416 654 ad
1443 625 1549 662 gloriae
1579 625 1625 653 di-

115 675 198 704 vinae
221 675 489 706 manifestationem.

156 726 300 756 Praeterea
330 727 544 764 philosophicis
567 730 807 759 conclusionibus
830 730 1025 768 periculosum
1052 736 1080 759 et
1105 730 1298 766 perniciosum
1325 728 1454 758 videatur
1482 733 1626 764 systema,

115 771 196 814 ‹juod
225 779 310 807 docet
338 778 481 808 Virtutem
513 789 572 810 non
599 782 656 810 nisi
682 782 715 809 ad
740 781 913 811 Felicitatem
945 782 1072 811 tendere.
1111 783 1151 810 At
1180 780 1313 817 profecto
1337 780 1458 808 maxima
1477 778 1625 806 hominum

116 838 182 866 pars
209 838 268 858 non
294 838 440 866 perversas
468 831 541 861 istas
567 834 772 863 conclusiones
799 833 923 869 format,
946 834 995 862 sed
1019 834 1110 861 multo
1134 832 1224 868 magis
1248 832 1390 860 Virtutem
1419 830 1551 858 dilectam
1575 828 1625 856 ha·

115 881 194 910 bebit
211 889 239 910 et
260 883 295 911 ad
314 883 391 911 illius
417 884 493 920 leges
517 877 579 913 sese
600 885 815 921 conformabit,
839 893 903 913 cum
925 884 980 913 sibi
1001 891 1169 920 persuasum
1193 882 1278 910 habet
1295 882 1348 910 alia
1375 880 1543 909 hominibus
1565 879 1620 907 im-

113 940 209 970 perata
227 942 289 963 esse
307 941 338 962 ut
364 935 409 962 his
433 943 526 963 revera
544 935 688 964 feliciores
714 936 834 972 fierent,
855 936 909 965 alia
935 942 1036 965 contra
1061 935 1148 964 vetita
1173 942 1208 963 ne
1225 933 1271 962 his
1295 941 1394 962 eorum
1421 933 1528 960 bonum
1547 930 1624 966 phy-

113 986 208 1017 sicum
229 994 257 1015 et
282 988 389 1016 morale
412 988 527 1024 penitus
550 995 738 1018 everteretur.

126 1026 131 1032 ⁸
151 1040 240 1068 Porro
265 1040 454 1067 ostenderunt
483 1039 538 1067 viri
561 1040 639 1068 docti
661 1040 891 1069 Leibnitzianam
916 1038 1052 1068 Scholam
1080 1037 1222 1075 ejusmodi
1249 1043 1352 1065 nexum
1381 1035 1454 1063 inter
1480 1033 1625 1063 Virtutem

113 1096 141 1119 et
168 1090 344 1118 Felicitatem
372 1090 582 1126 constituisse,
615 1099 648 1119 ex
676 1099 734 1126 quo
757 1091 848 1120 officia
872 1098 935 1126 erga
965 1090 1037 1118 alios
1067 1088 1171 1117 deduci
1197 1091 1340 1122 nequeant
1367 1082 1530 1120 scientificis
1552 1091 1633 1112 con-¹

115 1141 320 1175 clusionibus‚
343 1141 450 1176 quibus
471 1142 549 1170 docti
571 1141 612 1170 illi
632 1141 696 1170 Viri
718 1143 802 1171 unice
824 1148 948 1170 utuntur
969 1139 1052 1178 (4).

109 1223 113 1227 ,
154 1192 336 1230 Quamquam
365 1193 438 1221 enim
464 1193 571 1229 verba,
594 1193 702 1229 quibus
724 1194 766 1222 uti
787 1194 883 1222 solent
903 1191 1108 1227 Philosophiae
1135 1188 1292 1219 Leibnitzii
1318 1187 1443 1222 addicti,
1466 1185 1622 1215 subtilibus

112 1244 277 1274 rationibus
303 1244 434 1273 excusari
469 1252 557 1280 posse
585 1243 756 1281 videantur-3
787 1253 821 1274 ex
848 1244 964 1273 illorum
990 1249 1085 1271 tamen
1111 1240 1264 1277 principiis
1295 1239 1450 1274 sequitur,
1483 1236 1625 1273 propriam

112 1295 279 1325 felicitatem
302 1295 389 1325 nobis
415 1302 582 1332 supremum
604 1296 714 1324 bonum
739 1303 824 1331 esse3
847 1303 915 1332 ergo
932 1294 1016 1334 ¹alios
1043 1293 1116 1322 hanc
1136 1292 1228 1321 solam
1256 1290 1294 1320 ob
1313 1296 1428 1319 causam
1454 1296 1515 1317 esse
1533 1294 1628 1315 aman·

1555 1340 1627 1375 dos,

146 1442 212 1478 (1)
231 1443 272 1470 lb.
289 1449 314 1469 et
336 1444 361 1476 §.
377 1451 416 1475 ¹9·
440 1442 464 1468 ln
481 1449 541 1468 nota
555 1443 591 1469 D.
626 1443 788 1475 Argumentis
807 1444 968 1471 confirmatur
991 1450 1016 1469 et
1042 1449 1129 1469 contra
1154 1440 1315 1473 obiectiones
1336 1438 1479 1464 defenditur
1497 1438 1559 1463 haec
1574 1443 1631 1462 sen.

110 1493 190 1520 tentia
213 1492 238 1524 §.
257 1496 378 1521 20—25.
414 1489 460 1515 Cf.
480 1489 582 1514 omnino
599 1490 740 1522 Barbeyrac
765 1492 790 1516 in
814 1491 880 1516 notis
896 1491 926 1516 ad
942 1491 994 1523 Ep.
1013 1496 1082 1516 cens,
1099 1489 1187 1516 Arion.
1212 1487 1238 1520 §.
1258 1491 1298 1519 15.
1316 1493 1343 1518 p.
1362 1486 1437 1512 1008.
1453 1492 1494 1518 ap.
1512 1482 1626 1511 Puffend.

110 1539 143 1566 de
160 1537 212 1565 Off.
235 1537 304 1563 horn.
323 1542 348 1561 et
364 1536 438 1562 civis.

143 1583 210 1620 (2)
230 1583 371 1616 Dryfhout.
390 1583 407 1609 l.
428 1583 445 1608 Ι.
468 1589 508 1615 ap.
528 1582 572 1608 CI.
589 1582 699 1615 Tydern.
724 1591 751 1616 p.
768 1584 826 1616 146.

145 1630 209 1665 (3)
227 1630 309 1656 Wolf.
330 1629 395 1655 Phil.
416 1630 456 1655 Pr.
482 1629 504 1656 Ι.
531 1637 557 1661 p.
575 1637 636 1662 250.

146 1676 210 1711 (4)
231 1677 271 1701 Sic
285 1675 429 1707 iudicavere
443 1676 485 1702 Cl.
503 1676 575 1702 Cras.
590 1677 615 1701 in
639 1676 709 1704 Diss.
725 1676 756 1702 de
776 1676 861 1703 Princ.
878 1675 1000 1705 Morum,
1018 1681 1045 1706 p.
1063 1680 1107 1706 44.
1133 1673 1193 1698 item
1213 1671 1345 1704 Dryfhont
1363 1671 1388 1696 in
1401 1669 1473 1696 Diss.
1492 1667 1522 1694 de
1543 1666 1631 1693 Mora-

113 1723 182 1748 litate
194 1742 201 1752 ‚
228 1723 253 1754 §.
269 1729 312 1747 22.
330 1721 395 1753 apud
414 1722 456 1748 Cl.
471 1721 581 1753 Tydem.
603 1730 630 1755 p.
649 1722 712 1754 156,
730 1722 823 1748 docet:
848 1741 868 1754 ,‚
889 1723 908 1747 si
933 1721 1040 1746 felicitas
1060 1725 1143 1744 nostra
1162 1718 1221 1743 sons
1243 1725 1279 1743 est
1296 1717 1456 1746 officiorum,
1476 1714 1559 1740 officia
1575 1719 1630 1745 erga

113 1770 245 1803 proximos
260 1768 399 1799 collapsum
419 1767 509 1794 esse.''
546 1768 592 1794 Cf.
612 1775 671 1793 nota
687 1769 712 1793 in
733 1769 835 1799 Garvii,
855 1767 1004 1799 Groudbeg.
1023 1766 1067 1791 der
1081 1764 1254 1794 Zfflekunde,
1273 1772 1299 1796 p.
1317 1770 1372 1796 193·
1399 1768 1424 1788 et
1441 1762 1578 1788 Ernestus,
1595 1758 1628 1783 de

113 1815 173 1849 Jure
193 1815 253 1840 Nat.
282 1814 307 1845 §.
328 1814 368 1840 28.
387 1815 410 1838 in
427 1814 487 1839 Init.
504 1815 597 1841 Doctr.
616 1814 670 1842 Sol.
695 1822 721 1847 p.
737 1821 799 1847 42¹·
828 1833 849 1846 ‚‚
864 1815 907 1846 qui
927 1814 1071 1839 utilitatem
1099 1809 1178 1844 (sive
1194 1817 1222 1836 ut
1240 1811 1256 1836 ii
1280 1811 1419 1842 loquuntur
1435 1808 1477 1839 qui
1502 1805 1632 1837 metaphy-

114 1861 169 1886 sico
187 1861 295 1890 malunt,
314 1866 388 1891 quam
412 1861 436 1885 in
457 1862 542 1886 morali
569 1861 683 1886 doctrina
700 1862 794 1887 usitato
816 1861 895 1887 verbo
915 1860 952 1885 uti
971 1856 1178 1892 peifictiwcm)
1203 1858 1228 1882 in
1248 1855 1367 1889 prinprii
1388 1855 1472 1878 locum
1489 1858 1632 1884 reponunt,

116 1913 234 1939 torquent
251 1913 276 1930 se
298 1905 457 1932 vehementer
480 1908 505 1932 in
528 1908 657 1940 plerisque
679 1907 792 1938 officiis,
816 1914 881 1941 quae
903 1907 957 1931 aliis
976 1906 1098 1931 debentur
1121 1910 1202 1936 neque
1227 1909 1255 1928 se
1279 1901 1354 1927 facile
1376 1898 1512 1931 expediunt
1540 1898 1564 1922 in
1589 1898 1635 1928 iis,

112 1960 180 1985 quae
195 1953 288 1977 interna
308 1951 413 1984 quadam
427 1952 576 1985 honestate,
595 1955 647 1979 sine
661 1961 776 1986 respectu
792 1953 926 1983 utilitatis,
942 1951 1086 1984 probantur.
1096 1950 1112 1960 ''

942 2008 972 2038 H

121 2063 143 2082 μ
