1946 2517
292 179 327 209 54
637 152 763 205 JANI'
795 164 1187 196 RUDOLPHLvAN
1228 164 1459 197 ΜΑΑΝΕΝ
1500 171 1502 173 ·

337 253 366 289 §.
387 257 419 288 5.
462 251 539 280 Haec
554 259 618 280 vera
634 256 677 279 est
693 249 760 285 via,
782 256 864 285 quam
882 249 949 277 bilis
966 247 995 276 in
1015 247 1130 276 homine
1159 248 1230 284 legit
1253 257 1396 285 quamque
1420 244 1546 278 Biana-hi
1559 241 1714 287 ¹comparat
1737 244 1803 281 cum

300 306 424 334 decursu
450 303 584 338 seminis,
614 301 853 338 comparationem
880 301 1032 329 instituens
1063 299 1136 328 inter
1164 308 1213 328 vas
1243 300 1395 336 deferens,
1436 301 1578 330 vesiculas
1606 303 1754 330 seminales
1774 309 1802 331 et

297 356 438 385 urethram
459 361 486 383 et
508 355 579 383 inter
603 360 709 389 porum
735 352 796 382 sive
822 352 940 381 ductum
965 351 1127 388 hepaticum
1145 372 1156 387 ,
1187 353 1343 382 vesiculam
1374 351 1451 381 fellis
1478 359 1506 381 et
1534 352 1706 383 intestinum
1730 355 1804 384 duo·

297 408 400 437 denum
424 407 439 443 (
450 416 469 434 a
481 407 508 442 ).
1690 412 1693 415 ·

333 457 462 486 Multum
482 463 574 484 tamen
593 455 693 490 abest,
717 460 748 483 ut
767 462 866 483 omnes
888 454 1056 491 physiologi
1081 455 1166 483 simili
1191 456 1300 484 ratione
1324 456 1376 484 hac
1404 455 1437 484 de
1459 463 1488 483 re
1504 455 1658 492 cogitarim
1672 464 1805 493 semper,

301 508 375 544 -quiu
393 507 494 543 potius
512 507 545 535 de
563 505 630 535 bilis
654 505 798 542 cysticae,
822 513 895 541 quae
911 496 1035 535 vesicula
1051 507 1234 543 continetur,
1256 507 1383 543 origine,
1403 506 1496 536 varias
1512 506 1664 544 opiniones
1683 509 1806 544 prolatas

296 559 490 588 inveniamus.

332 612 362 648 5.
383 610 413 640 6.
455 609 619 639 Voluerunt
635 609 745 638 scilicet
771 610 925 646 nonnulli,
946 609 1033 639 bilem
1060 610 1199 647 cysticam
1223 609 1253 638 in
1278 609 1340 647 ipsa
1364 610 1501 648 cystide,
1523 610 1584 639 sive
1607 618 1621 638 a
1642 609 1806 646 glandulis,

297 663 362 692 sive
382 661 417 690 ab
438 661 578 690 arteriolis
601 661 709 690 secerni
729 668 822 697 neque
842 661 955 690 aliunde
976 652 1178 700 advehi'(l›).

332 713 387 742 Sed
408 712 480 742 nihil
496 712 702 749 glandulosiin
721 713 832 749 cystide
849 714 976 750 detegere
992 714 1067 742 valet
1085 719 1234 750 anatome,
1257 720 1429 769 quamquam
1456 713 1542 742 multi
1557 717 1710 749 auctores,
1731 717 1807 749 quos

294 771 422 794 recenset
444 764 551 792 Hallcr
571 765 648 801 (c),
663 764 742 792 hanc
762 763 898 793 foverunt
918 765 1101 795 sententiam.

337 817 368 852 §.
391 824 419 853 7.
459 815 506 844 Ab
525 816 634 844 arteriis
654 815 737 843 etiam
756 823 814 844 non
833 816 990 845 secernitur
1010 817 1077 846 bilis
1098 816 1228 853 cystim,
1250 824 1314 844 cum
1337 815 1422 844 nimis
1441 823 1541 852 magna
1559 814 1597 843 sit
1617 815 1700 851 copia
1717 813 1806 849 bilis,

294 868 374 897 dicto
392 866 574 903 receptaculo
591 866 723 901 inclusa,
745 874 829 902 quam
850 875 865 895 a
884 872 940 896 tam
957 875 1051 904 parvo
1068 867 1264 897 arteriolarum
1291 867 1430 903 cystidem
1447 866 1669 903 perreptantium
1687 874 1805 895 numero

294 918 402 948 secerni
422 924 521 955 posset
542 917 623 955 (d).

334 972 364 1007 §.
389 970 416 999 8.
457 969 598 1003 Accedit,
629 968 709 1004 quod
738 968 887 1004 sanguinis
913 974 1038 1005 natura,
1066 969 1126 997 illis
1160 969 1299 1004 arteriolis
1327 968 1479 1004 contenti,
1505 975 1684 1004 nequaquam
1711 967 1806 997 faveat

299 1022 367 1050 bilis
384 1020 553 1055 secretioni,
575 1021 619 1049 uti
639 1027 682 1049 res
710 1025 754 1048 est
779 1027 844 1047 curn
870 1020 1010 1056 sanguine
1032 1025 1118 1049 venae
1143 1023 1315 1055 portarum,
1342 1019 1392 1054 qni
1417 1010 1530 1047 scincet
1554 1027 1612 1047 eam
1638 1019 1806 1049 carbonacei

296 1071 440 1108 imprimis
458 1070 588 1099 elementi
607 1071 724 1107 copiam
740 1070 869 1099 continet
882 1091 892 1107 ,
914 1079 986 1106 quae
1002 1078 1068 1100 cum
1085 1070 1197 1105 eadem,
1220 1069 1249 1098 in
1268 1069 1325 1097 hile
1349 1069 1458 1106 cystica
1480 1069 1666 1106 invenienda,
1687 1069 1806 1099 omnino

295 1123 434 1161 congruit
453 1124 529 1160 (ε).
549 1144 551 1147 .
1105 1128 1107 1131 ·
1526 1130 1542 1147 ’.

336 1175 480 1205 Praeterea
491 1174 517 1203 si
538 1174 658 1203 vinculo
678 1173 862 1210 intercipitur
877 1173 978 1203 arteria
997 1173 1129 1210 cystim,
1150 1172 1244 1209 cystis
1266 1172 1460 1201 nihilominus
1480 1172 1537 1201 bile
1552 1177 1660 1208 turget.

337 1227 392 1256 Sed
413 1226 492 1263 quod
510 1226 643 1261 aliunde,
664 1232 692 1254 et
712 1225 826 1262 quidem
849 1233 885 1261 ex,
909 1225 1012 1261 hepate
1036 1233 1087 1261 per
1107 1224 1226 1252 ductum
1244 1224 1389 1260 cys-ticum
1413 1223 1556 1258 deferatur
1580 1218 1657 1252 bilis*
1670 1223 1805 1261 cystica,

301 1278 404 1308 exinde
421 1278 581 1306 luculenter
597 1283 733 1313 apparet,
756 1277 833 1312 quod
851 1276 908 1305 bile
924 1276 1054 1312 hepatica
1071 1276 1238 1312 deficiente,
1259 1277 1371 1305 deficiat
1390 1278 1473 1306 etiam
1497 1276 1565 1305 bilis
1580 1277 1701 1313 cystica.
1796 1308 1799 1318 Ἰ,

340 1332 370 1368 ς.
391 1339 421 1368 9.
463 1329 510 1357 Sic
528 1329 692 1358 observavit
712 1329 759 1357 Cl.
782 1327 927 1364 Forsten,
949 1329 978 1357 in
993 1329 1128 1357 cadavere
1151 1328 1250 1363 virili,
1279 1328 1367 1366 hepar¹
1387 1327 1418 1356 in
1435 1335 1511 1356 statu
1531 1327 1672 1363 naturali,
1693 1329 1743 1359 sed
1760 1336 1808 1357 ve·

304 1382 424 1411 siculam
443 1380 539 1416 fellis,
560 1380 673 1415 albam,
695 1380 806 1408 inanem
819 1399 828 1414 ,
848 1380 946 1407 colore
965 1379 1092 1415 bilioso,
1114 1380 1156 1408 uti
1183 1379 1253 1408 alias
1274 1377 1333 1406 fieri
1360 1380 1451 1414 solet,
1475 1387 1654 1415 nequaquam
1675 1381 1806 1409 tinctam.

301 1433 335 1462 In
353 1433 540 1468 inquisitione
564 1430 677 1467 patuit,
698 1430 841 1458 calculum
859 1431 944 1459 nucis
964 1431 1128 1467 myrIsticae
1147 1430 1372 1466 magnitudinem
1388 1428 1557 1465 habentem,
1578 1430 1685 1458 ductus
1702 1429 1808 1467 cystiei

306 1484 448 1513 orificium
471 1481 596 1520 perfecte
617 1482 835 1516 occludentem,
856 1481 943 1518 hujus
964 1481 1154 1517 phaenomeni
1173 1488 1287 1510 causam
1309 1479 1400 1509 fuisse
1420 1480 1494 1518 (f).

343 1537 373 1572 §.
400 1542 444 1565 10.
485 1534 532 1562 Sic
550 1534 580 1561 in
603 1533 783 1561 induratione
800 1532 907 1568 hepatis
919 1552 930 1567 ,
951 1533 1105 1561 vesiculam
1127 1531 1200 1560 fellis
1213 1531 1382 1568 plerumque
1398 1540 1513 1568 parvam
1526 1553 1538 1568 ,
1557 1532 1668 1562 inanem
1684 1533 1806 1570 ideoque

306 1586 466 1615 decolorem
488 1584 639 1613 observare
662 1583 748 1618 licet,
770 1591 835 1611 cum
857 1583 946 1618 bilis,
969 1583 1006 1611 ob
1023 1583 1199 1619 pressionem
1219 1583 1248 1612 in
1264 1582 1401 1612 ductibus
1417 1581 1559 1619 biliferis‚
1584 1583 1701 1612 ductum
1719 1583 1806 1619 hepa-

306 1640 396 1668 ticum
423 1639 564 1675 attingere
587 1643 726 1673 nequeat,
748 1637 898 1672 multoque
928 1635 1024 1664 minus
1053 1635 1084 1664 in
1109 1635 1266 1664 vesiculam
1292 1632 1400 1662 effundi
1428 1633 1529 1662 valcat.
1570 1633 1618 1662 Sic
1641 1633 1806 1663 observavit

1718 1685 1809 1715 Licu-

330 1773 379 1799 (ι)
403 1771 442 1794 Cf.
459 1769 557 1792 Bra-scm·
570 1785 578 1797 ,
592 1769 654 1791 Hise.
672 1769 727 1796 llep.
745 1769 769 1792 Ρ.
782 1774 803 1791 r.
822 1774 844 1793 c.
860 1769 894 1793 18.
909 1777 932 1798 p.
948 1774 999 1796 tos.
1015 1769 1036 1799 ς,
1047 1769 1070 1793 6.
1097 1769 1135 1794 cf·
1151 1767 1247 1796 Halm,
1267 1767 1336 1791 clm.
1354 1766 1418 1794 Phyt.
1441 1767 1470 1791 Τ·
1483 1767 1507 1791 ⁶.
1522 1766 1606 1794 25⁸².

327 1813 382 1841 (ἐν)
404 1813 442 1835 cf.
457 1811 574 1838 Bianeln',
591 1810 655 1833 Libr.
673 1810 719 1832 eir.
734 1810 758 1833 P.
772 1816 791 1833 1.
806 1816 826 1832 c.
845 1815 878 1836 ¹7·
898 1809 918 1837 S.
932 1817 955 1839 4.

330 1854 379 1882 (ι)
398 1853 434 1876 Cf.
449 1852 545 1879 uallet,
560 1851 626 1873 Lt'br.
642 1851 687 1872 cit*
707 1852 734 1874 T.
751 1853 772 1873 6-
787 1858 812 1878 P·
826 1853 876 1877 587.

330 1893 383 1921 (ἆ)
402 1895 439 1916 Cf.
456 1894 564 1918 For-sun,
579 1893 672 1921 Quaen.
686 1894 730 1918 su.
745 1891 811 1919 Phys.
827 1893 853 1916 ss.
874 1890 896 1919 §0
911 1897 933 1920 3.

331 1937 378 1963 (ι)
393 1933 437 1957 ‘Cf0
454 1935 560 1962 Fomen,
574 1934 615 1957 loc.
630 1935 673 1957 cle.

329 1975 378 2005 (f)
394 1976 432 1999 cf.
446 1975 536 1997 forsan
545 1992 553 2003 ,
567 1975 607 1999 loe.
623 1975 668 2000 cit.
