1946 2517
315 157 333 188 8
730 155 1359 195 &CLARIS-SE,

318 247 431 284 potest.
476 243 585 284 Itaque
610 253 627 273 a
652 244 774 274 ratione
790 242 906 285 pendet
933 242 1145 286 experientia,
1168 247 1200 272 et
1217 241 1294 272 haec
1315 240 1356 271 ab
1377 240 1447 277 illa,
1475 245 1570 284 atque
1589 247 1699 273 neutra
1713 242 1782 274 sine

318 298 413 329 altera
433 298 606 340 perficitur.
653 300 808 330 Historica
831 298 975 341 proinde
989 299 1143 337 scientia,
1167 309 1248 340 quae
1275 298 1485 339 experientiae
1510 304 1574 336 est,
1595 309 1662 329 nou
1681 300 1781 341 magis

318 355 387 385 sine
415 354 624 396 philosopha,
647 365 728 396 quae
749 357 898 390 rationis,
925 353 1060 396 perfecta
1090 364 1157 384 esse
1183 359 1237 384 aut
1264 353 1373 384 haberi
1399 360 1518 396 potest,
1552 364 1649 396 quarn
1674 355 1779 397 philo-

320 412 382 453 pha
406 414 474 442 sine
497 411 657 443 historica.
702 412 766 450 Qui
789 410 997 454 philosophae
1024 409 1167 441 studium
1191 410 1340 441 scientiae
1368 420 1443 452 prae
1464 420 1497 441 se
1514 409 1593 448 fert,
1615 410 1780 452 repudiata

320 466 488 503 historica,
513 468 540 498 is
563 467 681 498 nubem
695 490 703 504 ‚
726 468 814 509 quod
834 469 942 508 ajunt,
966 477 1026 509 pro
1041 468 1167 497 Junone
1189 466 1374 508 amplexus,
1400 466 1432 496 in
1454 464 1550 496 aridis
1564 468 1683 496 otiosae
1702 476 1782 496 con·

318 522 549 565 templationis⁴
564 523 702 555 dumetis
723 530 753 554 et
772 524 904 565 spinetis
931 522 1077 554 oberratt
1112 523 1169 565 qui
1187 522 1369 553 historicam
1395 521 1488 552 unice
1511 520 1653 558 affectat,
1677 527 1782 563 spreta

320 579 532 622 philosopha,
564 580 590 611 is
621 580 808 610 memoriam
838 579 967 622 quidem
1001 584 1111 610 onerat
1145 578 1325 609 incredibili
1358 577 1644 609 diversissimarum
1673 586 1781 607 rerum

320 637 432 679 copia,
465 636 521 668 sed
544 636 671 667 nullum
696 636 792 675 inde,
824 636 875 668 vel
899 642 982 667 certe
1004 635 1174 677 exiguum,
1206 635 1273 666 sive
1302 633 1341 665 ad
1369 634 1490 675 ingenii
1513 632 1694 670 culturam,
1715 635 1783 664 sive

318 693 359 724 ad
379 693 477 723 animi
495 691 768 729 emendationem,
794 691 939 722 utilitatis
963 691 1102 722 fructum
1126 693 1267 734 percipit.
1312 691 1406 723 Unde
1428 692 1511 723 hanc
1537 691 1692 722 rationem
1711 701 1780 722 non

321 750 482 780 immerito
503 748 692 779 concludere
716 747 882 786 videmur,
903 757 944 778 ne
963 745 1200 788 Philosophiam
1227 746 1358 789 quidem
1380 748 1536 779 Historiae
1557 746 1698 784 auxilio,
1722 756 1782 777 nec

318 806 490 836 Historiam
525 804 746 846 Philosophiae
777 803 846 834 luce
875 813 979 835 carere
1009 815 1116 847 posse,
1148 811 1243 845 atque
1273 803 1353 834 adeo
1383 809 1414 834 et
1442 802 1668 845 philosophas,
1702 814 1784 846 quae

319 863 435 893 eximie
451 861 614 899 dicantur,
637 861 823 904 disciplinas
843 860 938 891 rebus
952 861 1011 891 niti
1033 861 1068 891 in
1084 859 1167 891 facto
1187 859 1314 902 positis,
1338 865 1369 889 et
1397 859 1563 891 historicas
1582 869 1694 890 omnes
1712 866 1783 890 tum

319 917 449 949 demum
474 923 557 948 recte
581 917 723 956 tractari,
753 928 826 947 cum
850 916 901 947 fax
924 917 963 947 iis
984 917 1207 961 Philosophiae
1231 916 1432 960 praeferatur.
1797 953 1801 956 f

316 994 318 996 v
366 977 475 1016 ltaque
500 976 654 1006 utramvis
683 974 879 1006 Eruditionis
903 973 1037 1006 formam
1067 975 1124 1017 qni
1155 973 1323 1016 praecipue
1348 978 1509 1004 sectantur
1543 977 1575 1004 et
1611 972 1782 1011 excolunt,

321 1032 391 1062 Viri
411 1030 496 1061 docti
515 1037 546 1060 et
571 1031 676 1068 acuti,
699 1031 764 1060 suis
793 1029 934 1071 profecto
955 1031 1074 1073 singuli
1095 1031 1216 1061 meritis
1239 1036 1316 1061 sunt
1337 1029 1518 1072 conspicui:
1540 1028 1588 1062 illi
1606 1040 1681 1062 vero
1693 1040 1785 1073 prae-

317 1087 524 1123 stantissimi,
547 1087 602 1128 qui
628 1092 814 1126 utramque,
845 1092 877 1115 et
899 1086 1072 1116 arctissime
1099 1085 1182 1116 inter
1204 1095 1238 1117 se
1265 1095 1380 1116 nexam
1402 1090 1435 1116 et
1451 1084 1643 1126 copulatam.
1690 1087 1782 1126 Quo·

321 1143 403 1173 circa
425 1148 457 1172 et
480 1140 550 1171 illae
569 1141 726 1183 imprimis
750 1138 897 1170 laudibus
916 1139 1062 1171 ierendae
1087 1146 1163 1171 sunt
1190 1139 1396 1179 Academiae,
1419 1149 1556 1182 quarum
1572 1146 1608 1171 ut
1628 1139 1780 1181 Alumni,

319 1199 363 1230 ita
387 1200 540 1231 Doctores
575 1199 798 1240 potissimum,
835 1196 965 1238 aequale
993 1197 1158 1238 utriusque
1197 1195 1322 1238 generis
1356 1194 1512 1226 doctrinis
1547 1196 1686 1237 pretium
1715 1202 1781 1228 sta.

321 1261 440 1287 tuunt:
470 1261 564 1296 atque
589 1252 623 1282 hi
648 1251 778 1294 quidem
810 1253 898 1282 omui
926 1262 986 1294 ope
1012 1251 1048 1282 id·
1072 1257 1189 1293 agunt,
1222 1257 1258 1281 ut
1284 1249 1458 1292 discipulos
1485 1260 1590 1292 neque
1618 1250 1780 1283 ineassum

321 1309 542 1353 philosophari
567 1307 723 1346 doceant,
759 1306 872 1346 rebus,
907 1307 948 1339 de
978 1307 1098 1350 quibus
1126 1304 1420 1349 philosophandum
1442 1305 1501 1343 sit,
1535 1305 1701 1345 nondum,
1730 1307 1781 1339 uti

322 1377 381 1409 par
393 1373 464 1405 est,
489 1372 632 1397 accurate
650 1366 824 1408 perceptis,
850 1376 954 1409 neque
978 1370 1086 1396 tamen
1112 1361 1334 1405 Philosophiae
1362 1360 1468 1393 studia
1484 1369 1703 1400 contemnere,
1724 1361 1782 1394 sed

323 1433 397 1453 cum
427 1422 621 1465 reliquarum
649 1423 755 1454 studio
787 1422 1006 1454 doctrinarum
1033 1421 1228 1463 conjungere
1256 1419 1359 1461 iisque
1391 1417 1588 1449 illustrandis
1617 1417 1779 1450 adhibere.

325 1481 472 1518 Quorum
494 1480 534 1510 ad
566 1480 797 1510 institutionem
823 1479 851 1510 si
873 1477 993 1510 aceedit
1019 1475 1235 1519 locupletioris
1261 1483 1338 1505 usus
1365 1472 1595 1512 Bibliothecae,
1624 1474 1780 1517 quicquid

323 1535 414 1574 Viri,
437 1536 494 1577 qui
521 1535 612 1565 omni
633 1535 785 1566 memoria
805 1534 985 1566 eruditione
1006 1531 1279 1576 praecelluerunt,
1304 1528 1354 1560 vel
1378 1527 1619 1568 observatione,
1643 1529 1694 1562 vel
1715 1540 1780 1562 me-

321 1589 476 1622 ditatione
491 1590 701 1627 invenerunt,
728 1590 778 1621 vel
799 1597 935 1633 utroque
956 1589 1054 1622 modo
1071 1589 1197 1630 egregie
1216 1587 1459 1630 praestiterunt,
1482 1588 1653 1617 memoriae
1672 1586 1782 1629 prodi·

325 1652 394 1677 tum
423 1646 550 1678 abunde
573 1647 788 1685 continentis,
813 1653 883 1678 tum
910 1645 1052 1690 profecto
1078 1642 1159 1677 nihil
1188 1642 1251 1674 fere
1272 1641 1312 1673 ad
1334 1641 1519 1674 Academiae
1543 1642 1594 1679 vel
1621 1649 1782 1684 praestan-

324 1703 418 1740 tiam,
440 1703 512 1739 vel,
543 1713 609 1744 quo
635 1702 763 1734 condita
783 1709 852 1744 est,
881 1701 1072 1739 consilium,
1102 1700 1209 1731 deesse
1236 1698 1391 1731 videatur.
1434 1699 1502 1729 Jam
1522 1720 1532 1736 ,
1562 1704 1599 1729 ut
1627 1700 1785 1729 Lectiones

325 1759 466 1795 mittam,
489 1759 549 1788 hoc
573 1760 667 1789 etiam
693 1768 778 1788 anno
801 1769 818 1789 a
842 1756 1076 1790 Professoribus
1105 1755 1228 1787 liabitas
1257 1755 1292 1786 in
1316 1753 1398 1785 alma
1424 1760 1531 1784 nostra
1552 1752 1730 1796 Leydensi‚
1751 1761 1784 1786 et

326 1811 448 1845 habitas
477 1815 508 1844 in
538 1825 648 1845 omnes
669 1821 701 1845 et
725 1813 868 1857 singulas
896 1814 1062 1846 universae
1087 1811 1284 1844 Eruditionis
1310 1816 1433 1853 parteS,
1465 1816 1562 1852 atque
1593 1810 1636 1841 ita
1662 1817 1697 1842 ut
1723 1809 1785 1842 fre.

327 1877 460 1911 quentes
490 1871 527 1900 iis
551 1869 693 1901 adessent
714 1869 885 1913 discipuii3
913 1868 1056 1900 discendi
1078 1868 1299 1911 cupidissimi,
1336 1876 1394 1896 nec
1418 1865 1533 1896 frustra
1556 1865 1723 1905 adessem3
1750 1875 1786 1899 ut

327 1931 449 1956 mittam
479 1927 601 1968 egregia
627 1935 777 1970 prozsuS,
813 1937 893 1969 quae
921 1925 1038 1958 horum
1072 1937 1138 1958 uon
1167 1926 1259 1969 pauci
1285 1924 1320 1955 iu
1350 1922 1452 1955 lucc-tn
1483 1923 1676 1962 amiserunt,
1711 1934 1786 1966 pro-

1744 1979 1786 2011 se·
