1946 2517
233 169 269 196 44
579 152 699 192 JANI
738 145 1009 181 RUDOLPHI
1048 154 1121 176 vm
1161 147 1386 179 MAANE'N

279 242 386 277 Figura
405 238 488 268 lienis
508 238 676 275 plerumque
688 240 729 262 est
746 233 891 269 oblonga,
920 229 1032 266 ovalis3
1064 237 1243 266 segmentum
1270 231 1376 260 dicitur
1400 232 1434 261 de
1457 240 1577 268 corpore
1599 235 1748 272 elliptoicle

247 299 387 323 resectum
408 291 497 327 (a),
520 293 735 321 nonnumquam
758 291 850 312 tamen
868 282 896 310 in
915 289 948 310 eo
967 280 1051 309 etiam
1068 281 1141 310 ludit
1155 288 1276 318 natura,
1296 290 1361 310 cum
1386 290 1445 311 non
1469 291 1532 312 raro
1554 288 1747 324 rotundatuS,

250 345 408 377 cordatus,
439 339 642 375 triangularis,
674 336 790 364 lobatus
818 340 873 362 etc.
898 331 1068 361 inveniatur.
1110 331 1138 360 A
1169 340 1268 368 magna
1295 333 1445 370 sanguinis
1476 335 1583 371 copia,
1615 346 1671 372 qua
1696 340 1751 369 hoc

248 395 349 424 viscus
366 392 491 421 abundat
511 390 635 418 colorem
657 387 741 414 habet
755 385 874 413 lividum
896 383 982 419 (b),
1004 382 1093 411 variat
1114 388 1206 411 tamen
1231 391 1366 420 persaepe
1389 391 1416 413 et
1434 385 1548 421 quidem
1572 395 1634 416 raro
1651 397 1754 425 aequa.

250 446 319 475 bilis
340 450 383 473 est
403 443 486 471 color
505 441 536 468 in
557 444 616 467 tota
637 437 721 466 lienis
743 435 905 472 superficie.

289 498 317 532 §.
341 504 368 523 2.
410 492 567 521 Texturam
585 488 670 517 habet
695 487 915 521 mollissimam,
936 491 1036 521 parum
1059 486 1220 524 elasticam‚
1245 488 1334 524 magis
1357 487 1573 525 extensibilem,
1600 490 1639 519 ita
1657 497 1689 520 ut
1711 492 1754 521 di-

250 547 303 584 giti
323 543 462 582 pressioni
485 542 570 570 facile
588 541 691 575 cedat,
713 546 799 574 atque
818 538 852 566 ab
868 537 978 566 interna
997 536 1042 564 vel
1057 542 1170 565 externa
1188 545 1273 566 causa
1293 538 1377 566 facile
1402 538 1613 576 disrumpatur,
1636 549 1754 578 ruptura

252 606 322 634 quae
343 597 370 624 in
396 594 572 624 dissectione
592 592 734 621 viscerum
758 587 1002 624 abdominalium,
1030 587 1088 616 nisi
1111 588 1265 624 prudenter
1291 590 1500 628 procedamus,
1528 597 1571 620 sat
1591 591 1676 621 facile
1700 593 1753 623 ob·

247 650 318 678 tinet
339 648 418 685 (c).

285 700 407 729 Duabus
430 697 557 733 cingitur
582 695 690 724 tunicis
703 714 714 730 ,
735 694 820 722 altera
844 697 962 720 externa
980 697 1096 725 setosa,
1122 690 1261 726 peritonei
1279 692 1516 728 continuatione,
1541 693 1626 722 altera
1644 694 1755 723 interna

249 755 366 793 propria
380 774 390 789 ,
417 753 521 781 fibrosa
535 773 545 787 ,
570 759 653 787 quam
674 748 807 778 nonnulli
827 755 886 776 non
912 745 1068 775 admittunt
1090 741 1155 779 (d)
1172 737 1244 771 'licet
1271 743 1369 771 adesse
1393 743 1541 778 videatur,
1569 752 1654 780 cum,
1676 744 1700 773 si
1718 745 1754 774 ab

247 805 375 842 analogia
394 804 565 833 concludere
579 802 672 836 licet,
694 801 722 828 in
743 798 837 828 vitulo
862 805 957 826 revera
979 803 1113 832 praesens
1136 795 1191 823 sit:
1216 795 1266 823 sed
1294 802 1349 821 una
1373 794 1479 822 duaeve
1497 794 1613 830 adsint,
1636 795 1690 824 hoc
1708 803 1756 824 ve·

248 857 393 886 rissimum
408 876 418 891 ,
441 855 521 891 quod
550 854 654 889 exiguo
682 851 805 888 gaudent
831 849 953 884 robore,
976 854 1009 876 ut
1034 856 1048 876 e
1067 845 1146 875 facili
1169 845 1374 874 delaceratione
1398 844 1581 874 manifestum
1603 852 1647 875 est
1666 847 1751 884 (e):

250 908 411 937 membrana
436 914 532 934 setosa
549 905 628 933 deest
645 904 673 932 in
694 909 794 939 parte,
815 909 865 937 per
882 908 965 935 quam
985 907 1052 929 vasa
1070 906 1096 927 et
1113 897 1192 926 nervi
1218 897 1247 926 in
1273 896 1463 926 substantiam
1487 896 1572 925 lienis
1592 904 1753 933 penetrant.

249 961 296 990 Ex
315 961 424 989 interna
441 956 592 994 superficie
609 956 786 984 membranae
803 953 925 982 fibrosae
942 953 1047 980 multae
1069 948 1291 986 progrediuntur
1308 947 1433 975 lamellae
1456 948 1485 976 in
1501 948 1591 984 ipsam
1615 949 1751 977 substan-

250 1012 316 1040 tiam
328 1032 339 1046 ,
360 1019 425 1038 cum
446 1007 662 1045 penetrantibus
678 1006 756 1035 vasis
778 1011 805 1033 et
823 1004 918 1033 nervis
943 1004 1146 1036 cohaerentes,
1167 1007 1195 1029 et
1212 1000 1253 1029 sic
1268 1006 1471 1028 concurrentes
1486 1000 1520 1028 ad
1536 1000 1632 1035 ipsum
1651 1008 1752 1035 paren-

248 1063 352 1099 chyma
371 1061 564 1090 formandum.
607 1057 761 1086 Evidenter
778 1055 808 1083 id
825 1054 949 1091 probant
972 1053 1061 1081 lienes
1082 1052 1208 1088 repetitis
1237 1050 1400 1079 lotionibus
1428 1060 1442 1079 a
1467 1050 1607 1086 sauguine
1630 1051 1753 1081 liberati.

251 1116 393 1143 Accurata
410 1110 552 1148 indagatio
568 1116 596 1138 et
612 1108 709 1138 felices
727 1105 897 1143 injectiones
921 1104 1081 1141 probarunt
1109 1103 1169 1140 ejus
1196 1109 1337 1131 texturam
1361 1102 1442 1132 valde
1467 1103 1647 1131 vasculosam
1673 1110 1757 1138 esse,

250 1166 386 1196 cellulosa
403 1163 566 1194 substantia
585 1161 796 1195 intermixtam,
819 1159 886 1186 dum
899 1166 988 1192 ·n0n,
1012 1156 1056 1185 uti
1077 1156 1105 1184 in
1123 1153 1186 1182 aliis
1202 1153 1332 1189 partibus
1346 1172 1356 1187 ‚
1386 1151 1490 1188 fibras,
1517 1160 1610 1188 neque
1636 1152 1756 1188 pingue·

251 1219 342 1247 dinem
356 1225 408 1246 nec
429 1216 483 1245 alia
502 1214 532 1243 in
551 1214 598 1243 illa
622 1213 773 1242 observare
791 1210 893 1245 liceat,
916 1215 1089 1245 quamquam
1115 1205 1249 1234 nonnulli
1272 1203 1315 1232 uti
1338 1203 1522 1242 I'Ialpighius
1549 1205 1647 1232 acinos
1673 1204 1702 1232 in
1726 1211 1759 1232 ea

252 1278 282 1298 se
303 1269 470 1298 observasse
487 1266 676 1295 crediderunt.

291 1319 368 1348 Tota
388 1325 479 1347 autem
499 1323 604 1353 quanta
626 1325 641 1344 a
660 1322 771 1343 ceracea
788 1313 905 1342 materia
929 1311 1041 1348 impleri
1061 1310 1136 1340 valet
1167 1309 1241 1344 lien,
1270 1308 1308 1337 ita
1330 1315 1381 1344 ut,
1402 1308 1558 1346 injectione
1574 1308 1644 1337 bene
1660 1315 1763 1337 succe·

254 1371 335 1399 dente
349 1390 360 1405 ,
376 1378 434 1398 non
453 1368 510 1398 nisi
525 1375 666 1397 ceracearn
684 1374 802 1394 massam
821 1370 979 1398 monstret,
1001 1363 1029 1390 in
1051 1370 1107 1397 qua
1126 1360 1380 1396 parencliymatosa
1401 1359 1563 1387 substantia
1583 1359 1697 1387 difficile
1713 1360 1763 1386 de·

255 1420 408 1450 monstrari
426 1420 512 1449 valet.
554 1418 665 1452 Porro,
684 1417 764 1451 quod
783 1415 931 1443 maximam
952 1420 1058 1448 partem
1079 1420 1113 1440 ex
1136 1411 1232 1439 fluidis
1252 1416 1387 1445 constat,
1414 1409 1565 1438 manifeste
1584 1410 1686 1445 probat
1703 1410 1761 1438 lien

257 1484 273 1503 a
289 1480 419 1510 turgente
435 1471 574 1508 sanguine
592 1470 728 1499 liberatus
750 1475 776 1496 et
794 1468 858 1496 dein
875 1466 1022 1500 siccatus;
1048 1471 1117 1493 tune
1136 1463 1211 1491 enim
1238 1467 1330 1489 totum
1354 1461 1454 1489 viscus
1479 1461 1507 1488 in
1528 1462 1632 1489 molem
1653 1460 1765 1496 perexi-

258 1533 341 1561 guam
363 1525 506 1553 redactum
525 1521 762 1557 contemplamur.
803 1517 910 1546 Lienes
929 1515 1134 1545 succenturiati
1149 1514 1262 1542 eandem
1284 1512 1389 1541 habent
1405 1518 1592 1541 structuram.

296 1578 322 1613 §-
347 1587 374 1614 3.
416 1576 515 1605 Lienis
534 1575 670 1603 volumen
688 1581 747 1601 non
766 1578 877 1606 semper
893 1569 948 1598 sibi
965 1573 1092 1596 constat.
1133 1566 1305 1599 Plerumque
1323 1564 1437 1599 pondus
1463 1564 1635 1592 observatur
1651 1563 1686 1592 ab
1703 1553 1762 1597 {vi

259 1628 292 1656 ai
316 1629 368 1657 xvi
394 1635 507 1663 nsque,
530 1627 576 1654 sed
596 1632 730 1661 persaepe
747 1621 915 1658 magnitudo
935 1626 962 1648 et
982 1619 1096 1655 pondus
1119 1616 1210 1645 varias
1234 1615 1272 1644 ob
1295 1623 1397 1643 causas
1420 1615 1692 1651 augentur‚-rarius
1714 1617 1769 1643 mi·

260 1687 404 1706 nuunrur:
429 1678 470 1706 sic
492 1677 611 1713 legimus
629 1676 662 1703 de
678 1675 749 1702 liene
769 1682 787 1709 4
801 1674 848 1707 ἴε,
869 1673 886 1700 6
904 1671 948 1703 FB,
970 1671 986 1697 8
1008 1670 1053 1704 ω,
1074 1675 1108 1704 23
1128 1669 1153 1698 ἃ
1178 1673 1205 1695 et
1227 1666 1306 1701 quod
1321 1665 1379 1693 fere
1402 1665 1586 1700 incredibile,
1608 1666 1683 1700 apud
1704 1665 1764 1693 Do—

261 1735 361 1757 natum
378 1730 411 1761 de
431 1729 518 1762 liene,
542 1727 590 1762 qui
609 1733 702 1754 toturn
722 1724 846 1760 replebat
866 1722 1006 1750 abdomen
1022 1741 1032 1757 ‚
1051 1720 1214 1757 cujusmodi
1232 1726 1326 1748 tamen
1354 1725 1452 1746 casum
1477 1717 1557 1746 etiam
1587 1717 1649 1746 aliis
1671 1717 1770 1746 obser-

1722 1777 1772 1797 va·

291 1866 341 1890 (ιῖ
367 1865 404 1886 Cf.
420 1863 511 1888 Halm,
527 1862 596 1884 Elem.
611 1861 677 1886 Phyt.
693 1861 721 1882 T.
737 1858 758 1881 6.
781 1860 806 1881 L.
823 1863 858 1879 αι.
881 1858 900 1878 S.
921 1861 939 1878 1.
963 1853 986 1882 §0
1002 1862 1024 1880 3.

290 1907 340 1934 (lt)
363 1907 397 1927 Cf.
414 1905 505 1930 Laslcr,
531 1904 598 1926 Libr,
614 1902 659 1925 cit,
674 1901 693 1926 S.
712 1901 736 1922 6.

290 1947 341 1974 (c)
356 1948 392 1970 cf,
410 1947 506 1973 vitant,
521 1946 561 1967 iac.
581 1945 623 1966 cit,
816 1940 868 1966 (d)
893 1939 930 1960 Cf.
947 1938 1039 1964 llalicr,
1062 1936 1115 1959 Lib,
1131 1935 1178 1957 cet.
1193 1937 1212 1961 ρ,
1228 1939 1250 1961 7,

288 1988 336 2015 (c)
351 1989 391 2012 Cf.
406 1987 568 2014 wammam,
584 1986 640 2008 Irus.
655 1983 723 2010 Phys.
738 1982 756 2008 S.
769 1983 818 2010 389.
851 1982 887 2004 Cf.
902 1978 1060 2006 hildebrand,
1077 1977 1191 1999 Lchrbuch
1210 1976 1249 1997 dtr
1264 1976 1336 1997 Anlt.
1353 1976 1373 2003 §-
1388 1980 1452 2004 2129‚
1820 1985 1833 1993 -
