1946 2517
441 172 754 205 COMMENTATIO
775 185 809 206 m
829 177 1130 216 QUAEST1ONEM
1151 180 1360 217 MechM.
1623 197 1662 227 4?

151 264 237 291 xum,
259 255 386 285 lienalem
404 256 526 287 dictum.
569 257 795 293 Amplectuntur
810 261 947 297 arterias,
974 263 1003 292 in
1023 272 1096 300 quas
1117 266 1269 304 praecipue
1286 276 1365 306 agere
1384 269 1518 301 videntur
1536 271 1605 311 (a)
1625 279 1654 303 et

148 307 262 337 difficile
281 308 310 337 in
331 309 552 346 parenchymate
573 309 713 346 prosequi
734 318 860 345 possunt
882 313 961 351 (b).

420 598 826 640 D1vls1o
903 590 1396 650 SECUNDA-¹

836 730 955 741 ———

454 821 733 861 PARS
853 827 1332 868 ALTERA:

609 943 963 971 PHYSIOLOGIA
998 946 1181 974 LIENIS.

173 1059 204 1095 S.
229 1066 257 1086 1.
284 1026 332 1087 In
353 1061 430 1085 statu
447 1057 569 1086 naturali
587 1058 666 1087 nulla
694 1059 798 1094 gaudet
825 1060 1050 1090 contractilitate
1075 1062 1190 1091 animali
1217 1070 1268 1091 seu
1296 1063 1453 1099 cerebrali,
1475 1064 1649 1094 sensibilitas

136 1110 266 1139 animalis
291 1110 375 1138 etiam
404 1109 508 1140 obtusa
535 1116 591 1140 est.
640 1111 821 1140 Sensibilitas
846 1119 873 1140 et
893 1113 1107 1142 contractilitas
1133 1114 1287 1152 organica,
1319 1114 1363 1144 uti
1392 1115 1422 1144 in
1447 1115 1512 1145 aliis
1534 1116 1650 1153 organis

131 1162 237 1191 adsunt
257 1162 337 1198 (c).

173 1214 203 1250 §.
226 1221 256 1241 2.
297 1212 318 1240 F
322 1211 460 1240 unctione
477 1212 559 1241 lienis
576 1213 716 1251 alterata,
737 1214 850 1243 viscera
870 1215 964 1244 vicina
981 1217 1028 1245 vel
1054 1216 1206 1245 remotiora
1226 1217 1400 1255 turbantur3
1423 1217 1466 1247 sic
1483 1217 1517 1246 ab
1543 1217 1648 1247 affecto

134 1263 229 1299 liene,
251 1270 333 1298 saepe
351 1263 438 1299 hepar
453 1263 481 1292 in
499 1272 551 1293 sua
576 1263 727 1294 functione
752 1267 958 1297 abnormitates
986 1269 1088 1304 subit,
1110 1275 1137 1297 et
1163 1269 1306 1298 cerebrum
1334 1269 1489 1305 aliquando
1515 1269 1650 1298 morbose

132 1315 276 1350 afficitur,
296 1322 361 1342 cum
380 1315 474 1342 adsint
495 1315 667 1351 observata,
689 1317 738 1344 ubi
759 1326 774 1345 a
792 1318 869 1347 laeso
889 1319 961 1347 liene
976 1319 1106 1348 delirium
1120 1340 1130 1354 ,
1151 1328 1203 1348 nec
1230 1329 1289 1349 non
1312 1321 1382 1349 varii
1405 1320 1510 1356 capitis
1533 1320 1648 1348 dolores

135 1373 197 1395 orta
216 1364 343 1394 fuerint:
367 1373 450 1401 saepe
467 1365 550 1394 etiam
568 1367 677 1402 splenis
698 1366 865 1397 functiones
888 1371 1040 1399 turbantur
1055 1373 1090 1400 ab
1112 1372 1216 1401 affecto
1235 1371 1335 1407 hepate
1348 1392 1359 1407 ,
1381 1373 1423 1400 sic
1449 1372 1484 1400 ab
1511 1371 1649 1407 impedita

135 1416 204 1446 bilis
230 1418 410 1452 secretione,
431 1418 488 1445 lien
511 1426 568 1446 non
591 1427 655 1447 raro
676 1419 888 1449 obstructionis
914 1430 1027 1450 causam
1056 1423 1201 1458 agnoscit.
1242 1422 1325 1450 Licet
1350 1422 1460 1450 interim
1485 1422 1646 1450 laesionum

134 1477 150 1498 a
171 1469 254 1497 lienis
279 1468 497 1497 alterationibus
525 1469 706 1498 inductarum
734 1470 903 1506 disquisitio
928 1474 1076 1501 maximam
1106 1480 1243 1502 mereatur
1266 1473 1472 1508 attentionem,
1500 1479 1592 1501 tamen
1615 1472 1646 1501 in

137 1520 183 1549 his
203 1520 419 1549 subsistendum
439 1519 525 1548 nobis
546 1520 678 1556 videtur,
701 1529 736 1549 ne
753 1530 767 1549 a
786 1524 948 1559 propositis
967 1524 1109 1552 limitibus
1128 1524 1322 1554 discedamus.

172 1572 202 1608 §-
225 1580 254 1608 3.
294 1571 382 1608 Quod
399 1571 434 1599 ad
460 1571 547 1609 hujus
573 1573 692 1601 visceris
720 1572 899 1602 functionem
924 1575 1046 1610 attinet,
1067 1582 1142 1603 recte
1168 1576 1409 1605 Blumenbachtus
1437 1575 1544 1604 dixisse
1565 1574 1644 1604 vide-

133 1630 200 1659 tur,
223 1624 300 1659 quod
319 1624 417 1651 viscus
436 1623 474 1650 sit
492 1623 709 1659 aenigmaticum
730 1625 801 1662 (cl)
814 1646 823 1660 ‚
846 1634 910 1653 cum
928 1632 1022 1655 tantae
1039 1632 1143 1662 totque
1161 1628 1289 1656 diversae
1306 1628 1341 1655 ab
1363 1627 1441 1656 omni
1464 1635 1536 1655 aevo
1558 1632 1645 1662 super

133 1675 188 1703 hoc
209 1675 308 1702 allatae
326 1674 385 1702 sint
402 1673 568 1709 opiniones.
593 1673 754 1704 Voluerunt
769 1678 921 1712 nonnulli,
943 1678 1016 1705 inter
1035 1685 1111 1713 quos
1134 1677 1246 1713 Mead,
1260 1678 1411 1714 Dunccm,
1432 1685 1560 1713 organon
1579 1683 1643 1704 esse

130 1725 315 1754 secretorium
330 1745 340 1760 ,
362 1731 388 1753 et
407 1733 526 1754 succum
547 1726 651 1754 ibidem
678 1735 692 1754 a
711 1727 854 1762 glandulis
882 1728 1013 1764 secerni,
1032 1729 1066 1756 ad
1094 1728 1209 1757 nimiam
1238 1730 1302 1758 bilis
1325 1729 1509 1758 acrimoniam
1534 1734 1639 1761 tempe-

128 1777 256 1804 randam.
297 1775 488 1805 Crediderunt
509 1777 576 1812 alii,
599 1777 641 1805 uti
664 1777 814 1815 Galenus,
836 1787 956 1808 succum
977 1780 1156 1809 atrabilarem
1175 1781 1204 1809 in
1222 1780 1296 1810 liene
1322 1781 1411 1817 coqui
1436 1786 1465 1809 et
1490 1779 1525 1808 ad
1552 1778 1640 1812 hepar

1595 1828 1643 1856 de-

153 1890 204 1917 (a)
227 1889 265 1912 Cf,
282 1888 415 1908 Tae'edcmann
429 1893 451 1908 et
469 1889 569 1917 emt-lin,
585 1889 630 1911 Lr'b
656 1891 701 1913 Cle,
719 1899 734 1919 p
756 1891 792 1919 96,

152 1931 203 1958 (b)
225 1931 263 1952 Cf.
278 1930 381 1955 Ilemsel.
398 1930 464 1952 Lihr.
479 1931 525 1953 cit.
549 1933 575 1953 D.
591 1939 610 1953 2.
638 1939 662 1960 p.
679 1933 728 1960 ³9⁶·
760 1934 799 1958 (J.
822 1932 919 1963 portal,
935 1934 1001 1958 Ll‘hr,
1018 1935 1064 1958 (it.
1085 1935 1110 1957 Τ.
1129 1940 1149 1960 5.
1173 1942 1195 1962 p.
1211 1940 1261 1962 Ἃρ.

155 1974 204 2000 (ι)
227 1972 266 1994 ΕΓ.
284 1971 383 1998 L'tclmt,
399 1972 472 1994 Anat.
489 1973 570 1996 Gener,
589 1975 614 1996 Τ,
631 1980 651 1997 2,
675 1976 725 2001 5(6.

154 2013 207 2042 (d)
230 2013 267 2036 Cf.
279 2013 426 2034 mammam
436 2027 444 2040 ,
457 2014 515 2035 lma.
531 2015 597 2040 Phys.
613 2017 633 2041 s.
647 2016 699 2042 388.
849 2046 859 2059 N
