<?xml version="1.0" encoding="UTF-8"?>
<!DOCTYPE html PUBLIC "-//W3C//DTD XHTML 1.0 Transitional//EN"
    "http://www.w3.org/TR/xhtml1/DTD/xhtml1-transitional.dtd">
<html xmlns="http://www.w3.org/1999/xhtml" xml:lang="en" lang="en">
 <head>
  <title>
</title>
<meta http-equiv="Content-Type" content="text/html;charset=utf-8" />
  <meta name='ocr-system' content='tesseract 3.04.00' />
  <meta name='ocr-capabilities' content='ocr_page ocr_carea ocr_par ocr_line ocrx_word'/>
</head>
<body>
  <div class='ocr_page' id='page_1' title='image "annalesacademiae21rijk_0299.png"; bbox 0 0 1946 2517; ppageno 0'>
   <div class='ocr_carea' id='block_1_1' title="bbox 371 161 1602 202">
    <p class='ocr_par' dir='ltr' id='par_1_1' title="bbox 371 161 1602 202">
     <span class='ocr_line' id='line_1_1' title="bbox 371 161 1602 202; baseline 0 -7"><span class='ocrx_word' id='word_1_1' title='bbox 371 161 686 195; x_wconf 86' lang='lat' dir='ltr'><strong>COMMENTATIO</strong></span> <span class='ocrx_word' id='word_1_2' title='bbox 707 172 749 194; x_wconf 77' lang='lat' dir='ltr'><strong>AD</strong></span> <span class='ocrx_word' id='word_1_3' title='bbox 771 162 1072 202; x_wconf 82' lang='lat' dir='ltr'><strong>QUAESTIONEM</strong></span> <span class='ocrx_word' id='word_1_4' title='bbox 1094 161 1332 195; x_wconf 72' lang='lat' dir='ltr'>CHEMICAM.</span> <span class='ocrx_word' id='word_1_5' title='bbox 1568 171 1602 195; x_wconf 78' lang='lat'><strong>21</strong></span> 
     </span>
    </p>
   </div>
   <div class='ocr_carea' id='block_1_2' title="bbox 68 246 1615 1699">
    <p class='ocr_par' dir='ltr' id='par_1_2' title="bbox 68 246 1606 950">
     <span class='ocr_line' id='line_1_2' title="bbox 87 246 1598 290; baseline -0.005 -8"><span class='ocrx_word' id='word_1_6' title='bbox 87 253 180 290; x_wconf 78' lang='lat' dir='ltr'><strong>fratz</strong></span> <span class='ocrx_word' id='word_1_7' title='bbox 201 250 272 290; x_wconf 87' lang='lat' dir='ltr'><strong>(a)</strong></span> <span class='ocrx_word' id='word_1_8' title='bbox 303 251 417 280; x_wconf 85' lang='lat' dir='ltr'><strong>censuit</strong></span> <span class='ocrx_word' id='word_1_9' title='bbox 443 250 633 288; x_wconf 82' lang='lat' dir='ltr'><strong>vegetabilia,</strong></span> <span class='ocrx_word' id='word_1_10' title='bbox 654 256 738 277; x_wconf 83' lang='lat' dir='ltr'><strong>omne</strong></span> <span class='ocrx_word' id='word_1_11' title='bbox 760 248 840 284; x_wconf 89' lang='lat' dir='ltr'><strong>quod</strong></span> <span class='ocrx_word' id='word_1_12' title='bbox 869 248 1018 277; x_wconf 81' lang='lat' dir='ltr'>continent</span> <span class='ocrx_word' id='word_1_13' title='bbox 1044 247 1240 277; x_wconf 75' lang='lat' dir='ltr'><strong>Carbonicum</strong></span> <span class='ocrx_word' id='word_1_14' title='bbox 1265 255 1298 275; x_wconf 80' lang='lat' dir='ltr'><strong>ex</strong></span> <span class='ocrx_word' id='word_1_15' title='bbox 1320 252 1391 273; x_wconf 79' lang='lat' dir='ltr'><strong>terra</strong></span> <span class='ocrx_word' id='word_1_16' title='bbox 1410 251 1504 281; x_wconf 84' lang='lat' dir='ltr'><strong>petere</strong></span> <span class='ocrx_word' id='word_1_17' title='bbox 1527 246 1598 274; x_wconf 87' lang='lat' dir='ltr'><strong>hau-</strong></span> 
     </span>
     <span class='ocr_line' id='line_1_3' title="bbox 95 296 1599 335; baseline -0.005 -2"><span class='ocrx_word' id='word_1_18' title='bbox 95 304 191 333; x_wconf 78' lang='lat' dir='ltr'><strong>riendo</strong></span> <span class='ocrx_word' id='word_1_19' title='bbox 219 304 352 330; x_wconf 84' lang='lat' dir='ltr'><strong>humores</strong></span> <span class='ocrx_word' id='word_1_20' title='bbox 373 302 549 331; x_wconf 80' lang='lat' dir='ltr'><strong>extractivos</strong></span> <span class='ocrx_word' id='word_1_21' title='bbox 576 308 602 330; x_wconf 89' lang='lat' dir='ltr'><strong>et</strong></span> <span class='ocrx_word' id='word_1_22' title='bbox 626 299 783 329; x_wconf 91' lang='lat' dir='ltr'><strong>Carbonici</strong></span> <span class='ocrx_word' id='word_1_23' title='bbox 809 299 933 335; x_wconf 84' lang='lat' dir='ltr'><strong>divites,</strong></span> <span class='ocrx_word' id='word_1_24' title='bbox 965 308 1040 335; x_wconf 88' lang='lat' dir='ltr'><strong>quos</strong></span> <span class='ocrx_word' id='word_1_25' title='bbox 1063 307 1136 335; x_wconf 83' lang='lat' dir='ltr'><strong>aqua</strong></span> <span class='ocrx_word' id='word_1_26' title='bbox 1159 299 1279 327; x_wconf 88' lang='lat' dir='ltr'><strong>humum</strong></span> <span class='ocrx_word' id='word_1_27' title='bbox 1306 296 1464 332; x_wconf 81' lang='lat' dir='ltr'><strong>fimumque</strong></span> <span class='ocrx_word' id='word_1_28' title='bbox 1489 298 1599 326; x_wconf 83' lang='lat' dir='ltr'><strong>alluens</strong></span> 
     </span>
     <span class='ocr_line' id='line_1_4' title="bbox 96 347 1603 389; baseline -0.005 -7"><span class='ocrx_word' id='word_1_29' title='bbox 96 363 130 383; x_wconf 83' lang='lat' dir='ltr'><strong>ex</strong></span> <span class='ocrx_word' id='word_1_30' title='bbox 162 355 198 382; x_wconf 87' lang='lat' dir='ltr'><strong>iis</strong></span> <span class='ocrx_word' id='word_1_31' title='bbox 225 354 346 389; x_wconf 80' lang='lat' dir='ltr'><strong>arripit3</strong></span> <span class='ocrx_word' id='word_1_32' title='bbox 389 352 484 382; x_wconf 87' lang='lat' dir='ltr'><strong>Variis</strong></span> <span class='ocrx_word' id='word_1_33' title='bbox 510 353 592 381; x_wconf 88' lang='lat' dir='ltr'><strong>etiam</strong></span> <span class='ocrx_word' id='word_1_34' title='bbox 630 351 805 388; x_wconf 82' lang='lat' dir='ltr'><strong>argumentis</strong></span> <span class='ocrx_word' id='word_1_35' title='bbox 836 350 897 380; x_wconf 87' lang='lat' dir='ltr'><strong>Gas</strong></span> <span class='ocrx_word' id='word_1_36' title='bbox 932 351 1017 380; x_wconf 90' lang='lat' dir='ltr'><strong>Acidi</strong></span> <span class='ocrx_word' id='word_1_37' title='bbox 1047 350 1205 380; x_wconf 78' lang='lat' dir='ltr'><strong>Carbonici</strong></span> <span class='ocrx_word' id='word_1_38' title='bbox 1234 347 1513 385; x_wconf 83' lang='lat' dir='ltr'><strong>decompositionem</strong></span> <span class='ocrx_word' id='word_1_39' title='bbox 1546 356 1603 380; x_wconf 86' lang='lat' dir='ltr'><strong>ne-.</strong></span> 
     </span>
     <span class='ocr_line' id='line_1_5' title="bbox 92 410 472 442; baseline -0.005 -8"><span class='ocrx_word' id='word_1_40' title='bbox 92 413 158 442; x_wconf 82' lang='lat' dir='ltr'><strong>gare</strong></span> <span class='ocrx_word' id='word_1_41' title='bbox 177 410 278 433; x_wconf 86' lang='lat' dir='ltr'><strong>tentat.</strong></span> <span class='ocrx_word' id='word_1_42' title='bbox 468 410 472 414; x_wconf 62' lang='lat'>⁴</span> 
     </span>
     <span class='ocr_line' id='line_1_6' title="bbox 68 449 1606 490; baseline -0.005 -6"><span class='ocrx_word' id='word_1_43' title='bbox 68 485 73 489; x_wconf 75' lang='grc'><em>,</em></span> <span class='ocrx_word' id='word_1_44' title='bbox 102 474 106 485; x_wconf 85' lang='grc'><strong>.</strong></span> <span class='ocrx_word' id='word_1_45' title='bbox 133 456 164 484; x_wconf 90' lang='lat' dir='ltr'><strong>Si</strong></span> <span class='ocrx_word' id='word_1_46' title='bbox 188 464 252 484; x_wconf 86' lang='lat' dir='ltr'><strong>vere</strong></span> <span class='ocrx_word' id='word_1_47' title='bbox 278 454 464 490; x_wconf 71' lang='lat' dir='ltr'><strong>respiciamus</strong></span> <span class='ocrx_word' id='word_1_48' title='bbox 491 455 527 483; x_wconf 84' lang='lat' dir='ltr'><strong>ad</strong></span> <span class='ocrx_word' id='word_1_49' title='bbox 549 454 701 483; x_wconf 79' lang='lat' dir='ltr'><strong>Saussurii</strong></span> <span class='ocrx_word' id='word_1_50' title='bbox 728 454 863 490; x_wconf 81' lang='lat' dir='ltr'><strong>labores,</strong></span> <span class='ocrx_word' id='word_1_51' title='bbox 902 462 986 490; x_wconf 87' lang='lat' dir='ltr'><strong>quam</strong></span> <span class='ocrx_word' id='word_1_52' title='bbox 1024 453 1142 482; x_wconf 84' lang='lat' dir='ltr'>maxime</span> <span class='ocrx_word' id='word_1_53' title='bbox 1169 454 1240 481; x_wconf 84' lang='lat' dir='ltr'><strong>tales</strong></span> <span class='ocrx_word' id='word_1_54' title='bbox 1273 450 1427 487; x_wconf 82' lang='lat' dir='ltr'><strong>opiniones</strong></span> <span class='ocrx_word' id='word_1_55' title='bbox 1445 449 1606 487; x_wconf 18' lang='lat' dir='ltr'><strong>*infirman-</strong></span> 
     </span>
     <span class='ocr_line' id='line_1_7' title="bbox 94 499 1602 543; baseline -0.004 -8"><span class='ocrx_word' id='word_1_56' title='bbox 94 513 164 543; x_wconf 86' lang='lat' dir='ltr'><strong>tur;</strong></span> <span class='ocrx_word' id='word_1_57' title='bbox 188 505 313 535; x_wconf 87' lang='lat' dir='ltr'><strong>vidimus</strong></span> <span class='ocrx_word' id='word_1_58' title='bbox 339 506 413 533; x_wconf 92' lang='lat' dir='ltr'><strong>enim</strong></span> <span class='ocrx_word' id='word_1_59' title='bbox 440 513 473 533; x_wconf 87' lang='lat' dir='ltr'><strong>ex</strong></span> <span class='ocrx_word' id='word_1_60' title='bbox 495 506 557 541; x_wconf 72' lang='lat' dir='ltr'><strong>eius</strong></span> <span class='ocrx_word' id='word_1_61' title='bbox 582 499 782 540; x_wconf 79' lang='lat' dir='ltr'><strong>experimentis</strong></span> <span class='ocrx_word' id='word_1_62' title='bbox 807 507 919 541; x_wconf 83' lang='lat' dir='ltr'>plantas</span> <span class='ocrx_word' id='word_1_63' title='bbox 943 514 997 541; x_wconf 91' lang='lat' dir='ltr'><strong>ope</strong></span> <span class='ocrx_word' id='word_1_64' title='bbox 1019 513 1109 540; x_wconf 86' lang='lat' dir='ltr'><strong>aquae</strong></span> <span class='ocrx_word' id='word_1_65' title='bbox 1128 511 1215 540; x_wconf 86' lang='lat' dir='ltr'><strong>purae</strong></span> <span class='ocrx_word' id='word_1_66' title='bbox 1241 508 1424 540; x_wconf 82' lang='lat' dir='ltr'>vegetantes,</span> <span class='ocrx_word' id='word_1_67' title='bbox 1445 502 1494 530; x_wconf 88' lang='lat' dir='ltr'><strong>cui</strong></span> <span class='ocrx_word' id='word_1_68' title='bbox 1515 509 1602 539; x_wconf 53' lang='lat' dir='ltr'><strong>quae5</strong></span> 
     </span>
     <span class='ocr_line' id='line_1_8' title="bbox 93 552 1598 593; baseline -0.005 -6"><span class='ocrx_word' id='word_1_69' title='bbox 93 559 157 587; x_wconf 89' lang='lat' dir='ltr'><strong>dam</strong></span> <span class='ocrx_word' id='word_1_70' title='bbox 183 556 280 593; x_wconf 88' lang='lat' dir='ltr'><strong>portio</strong></span> <span class='ocrx_word' id='word_1_71' title='bbox 305 555 366 584; x_wconf 82' lang='lat' dir='ltr'><strong>Gas</strong></span> <span class='ocrx_word' id='word_1_72' title='bbox 391 556 478 585; x_wconf 85' lang='lat' dir='ltr'><strong>Acidi</strong></span> <span class='ocrx_word' id='word_1_73' title='bbox 496 556 655 586; x_wconf 89' lang='lat' dir='ltr'><strong>Carbonici</strong></span> <span class='ocrx_word' id='word_1_74' title='bbox 680 555 788 592; x_wconf 84' lang='lat' dir='ltr'><strong>inerat,</strong></span> <span class='ocrx_word' id='word_1_75' title='bbox 810 556 882 585; x_wconf 88' lang='lat' dir='ltr'><strong>illud</strong></span> <span class='ocrx_word' id='word_1_76' title='bbox 899 556 1158 592; x_wconf 86' lang='lat' dir='ltr'><strong>decomposuisse‚</strong></span> <span class='ocrx_word' id='word_1_77' title='bbox 1180 561 1208 583; x_wconf 88' lang='lat' dir='ltr'><strong>et</strong></span> <span class='ocrx_word' id='word_1_78' title='bbox 1235 554 1276 582; x_wconf 90' lang='lat' dir='ltr'><strong>sic</strong></span> <span class='ocrx_word' id='word_1_79' title='bbox 1302 553 1447 583; x_wconf 77' lang='lat' dir='ltr'><strong>Carb0n1s</strong></span> <span class='ocrx_word' id='word_1_80' title='bbox 1462 552 1598 588; x_wconf 90' lang='lat' dir='ltr'><strong>copiam,</strong></span> 
     </span>
     <span class='ocr_line' id='line_1_9' title="bbox 95 604 1601 646; baseline -0.005 -8"><span class='ocrx_word' id='word_1_81' title='bbox 95 618 179 646; x_wconf 84' lang='lat' dir='ltr'><strong>quam</strong></span> <span class='ocrx_word' id='word_1_82' title='bbox 201 607 409 642; x_wconf 83' lang='lat' dir='ltr'><strong>continebant,</strong></span> <span class='ocrx_word' id='word_1_83' title='bbox 430 614 543 636; x_wconf 88' lang='lat' dir='ltr'><strong>auctam</strong></span> <span class='ocrx_word' id='word_1_84' title='bbox 573 606 688 642; x_wconf 81' lang='lat' dir='ltr'><strong>fuisse3</strong></span> <span class='ocrx_word' id='word_1_85' title='bbox 719 607 745 635; x_wconf 89' lang='lat' dir='ltr'><strong>si</strong></span> <span class='ocrx_word' id='word_1_86' title='bbox 772 614 864 636; x_wconf 87' lang='lat' dir='ltr'><strong>autem</strong></span> <span class='ocrx_word' id='word_1_87' title='bbox 890 608 1003 636; x_wconf 81' lang='lat' dir='ltr'><strong>nullum</strong></span> <span class='ocrx_word' id='word_1_88' title='bbox 1030 607 1123 636; x_wconf 86' lang='lat' dir='ltr'><strong>aderat</strong></span> <span class='ocrx_word' id='word_1_89' title='bbox 1151 606 1211 635; x_wconf 84' lang='lat' dir='ltr'><strong>Gas</strong></span> <span class='ocrx_word' id='word_1_90' title='bbox 1235 605 1357 634; x_wconf 87' lang='lat' dir='ltr'><strong>Acidum</strong></span> <span class='ocrx_word' id='word_1_91' title='bbox 1381 604 1601 638; x_wconf 88' lang='lat' dir='ltr'><strong>Carbonicum,</strong></span> 
     </span>
     <span class='ocr_line' id='line_1_10' title="bbox 94 655 1603 694; baseline -0.005 -5"><span class='ocrx_word' id='word_1_92' title='bbox 94 661 239 689; x_wconf 76' lang='lat' dir='ltr'><strong>residuum</strong></span> <span class='ocrx_word' id='word_1_93' title='bbox 263 666 296 686; x_wconf 84' lang='lat' dir='ltr'><strong>ex</strong></span> <span class='ocrx_word' id='word_1_94' title='bbox 323 658 359 685; x_wconf 80' lang='lat' dir='ltr'><strong>iis</strong></span> <span class='ocrx_word' id='word_1_95' title='bbox 383 657 536 687; x_wconf 83' lang='lat' dir='ltr'>carbonem</span> <span class='ocrx_word' id='word_1_96' title='bbox 563 666 743 694; x_wconf 86' lang='lat' dir='ltr'><strong>nequaquam</strong></span> <span class='ocrx_word' id='word_1_97' title='bbox 774 665 890 686; x_wconf 89' lang='lat' dir='ltr'><strong>auctum</strong></span> <span class='ocrx_word' id='word_1_98' title='bbox 921 658 1044 686; x_wconf 89' lang='lat' dir='ltr'><strong>invenit.</strong></span> <span class='ocrx_word' id='word_1_99' title='bbox 1085 657 1140 686; x_wconf 91' lang='lat' dir='ltr'><strong>Hie</strong></span> <span class='ocrx_word' id='word_1_100' title='bbox 1168 663 1286 692; x_wconf 87' lang='lat' dir='ltr'><strong>autem,</strong></span> <span class='ocrx_word' id='word_1_101' title='bbox 1318 656 1417 692; x_wconf 88' lang='lat' dir='ltr'><strong>potius</strong></span> <span class='ocrx_word' id='word_1_102' title='bbox 1446 655 1603 692; x_wconf 72' lang='lat' dir='ltr'><strong>Saussurio</strong></span> 
     </span>
     <span class='ocr_line' id='line_1_11' title="bbox 94 706 1602 745; baseline -0.006 -4"><span class='ocrx_word' id='word_1_103' title='bbox 94 718 139 741; x_wconf 84' lang='lat' dir='ltr'><strong>est</strong></span> <span class='ocrx_word' id='word_1_104' title='bbox 164 710 329 743; x_wconf 88' lang='lat' dir='ltr'><strong>fidendum,</strong></span> <span class='ocrx_word' id='word_1_105' title='bbox 352 708 419 736; x_wconf 85' lang='lat' dir='ltr'><strong>dum</strong></span> <span class='ocrx_word' id='word_1_106' title='bbox 444 716 581 745; x_wconf 87' lang='lat' dir='ltr'><strong>apparatu</strong></span> <span class='ocrx_word' id='word_1_107' title='bbox 608 717 679 737; x_wconf 81' lang='lat' dir='ltr'><strong>usus</strong></span> <span class='ocrx_word' id='word_1_108' title='bbox 709 716 752 738; x_wconf 88' lang='lat' dir='ltr'><strong>est</strong></span> <span class='ocrx_word' id='word_1_109' title='bbox 778 710 860 738; x_wconf 84' lang='lat' dir='ltr'><strong>valde</strong></span> <span class='ocrx_word' id='word_1_110' title='bbox 884 708 1033 744; x_wconf 80' lang='lat' dir='ltr'><strong>simplici,</strong></span> <span class='ocrx_word' id='word_1_111' title='bbox 1056 708 1106 744; x_wconf 92' lang='lat' dir='ltr'><strong>qui</strong></span> <span class='ocrx_word' id='word_1_112' title='bbox 1135 716 1195 737; x_wconf 89' lang='lat' dir='ltr'><strong>non</strong></span> <span class='ocrx_word' id='word_1_113' title='bbox 1221 708 1305 737; x_wconf 85' lang='lat' dir='ltr'><strong>facile</strong></span> <span class='ocrx_word' id='word_1_114' title='bbox 1332 706 1477 735; x_wconf 83' lang='lat' dir='ltr'><strong>erroribus</strong></span> <span class='ocrx_word' id='word_1_115' title='bbox 1505 711 1602 733; x_wconf 83' lang='lat' dir='ltr'>ansam</span> 
     </span>
     <span class='ocr_line' id='line_1_12' title="bbox 92 758 1604 800; baseline -0.006 -9"><span class='ocrx_word' id='word_1_116' title='bbox 92 761 257 800; x_wconf 82' lang='lat' dir='ltr'>praebebat.</span> <span class='ocrx_word' id='word_1_117' title='bbox 299 759 427 788; x_wconf 79' lang='lat' dir='ltr'><strong>Crellius</strong></span> <span class='ocrx_word' id='word_1_118' title='bbox 452 767 520 788; x_wconf 89' lang='lat' dir='ltr'><strong>vero</strong></span> <span class='ocrx_word' id='word_1_119' title='bbox 556 766 721 796; x_wconf 87' lang='lat' dir='ltr'><strong>apparatum</strong></span> <span class='ocrx_word' id='word_1_120' title='bbox 755 759 886 788; x_wconf 85' lang='lat' dir='ltr'><strong>adhibuit</strong></span> <span class='ocrx_word' id='word_1_121' title='bbox 921 759 1152 796; x_wconf 88' lang='lat' dir='ltr'><strong>complicatum,</strong></span> <span class='ocrx_word' id='word_1_122' title='bbox 1189 759 1266 788; x_wconf 87' lang='lat' dir='ltr'><strong>uncle</strong></span> <span class='ocrx_word' id='word_1_123' title='bbox 1298 758 1419 787; x_wconf 87' lang='lat' dir='ltr'><strong>dubium</strong></span> <span class='ocrx_word' id='word_1_124' title='bbox 1453 761 1604 793; x_wconf 34' lang='lat' dir='ltr'><strong>remanet,-</strong></span> 
     </span>
     <span class='ocr_line' id='line_1_13' title="bbox 94 805 1605 848; baseline -0.006 -6"><span class='ocrx_word' id='word_1_125' title='bbox 94 821 163 842; x_wconf 89' lang='lat' dir='ltr'><strong>num</strong></span> <span class='ocrx_word' id='word_1_126' title='bbox 190 819 283 841; x_wconf 85' lang='lat' dir='ltr'><strong>revera</strong></span> <span class='ocrx_word' id='word_1_127' title='bbox 308 811 337 838; x_wconf 91' lang='lat' dir='ltr'><strong>in</strong></span> <span class='ocrx_word' id='word_1_128' title='bbox 362 811 509 840; x_wconf 87' lang='lat' dir='ltr'><strong>diuturnis</strong></span> <span class='ocrx_word' id='word_1_129' title='bbox 528 812 589 848; x_wconf 84' lang='lat' dir='ltr'><strong>ejus</strong></span> <span class='ocrx_word' id='word_1_130' title='bbox 618 811 818 848; x_wconf 84' lang='lat' dir='ltr'><strong>experimentis</strong></span> <span class='ocrx_word' id='word_1_131' title='bbox 845 810 957 840; x_wconf 87' lang='lat' dir='ltr'><strong>nullum</strong></span> <span class='ocrx_word' id='word_1_132' title='bbox 985 810 1109 839; x_wconf 88' lang='lat' dir='ltr'><strong>Acidum</strong></span> <span class='ocrx_word' id='word_1_133' title='bbox 1139 809 1334 839; x_wconf 89' lang='lat' dir='ltr'><strong>Carbonicum</strong></span> <span class='ocrx_word' id='word_1_134' title='bbox 1364 807 1543 836; x_wconf 88' lang='lat' dir='ltr'><strong>extrinsecus</strong></span> <span class='ocrx_word' id='word_1_135' title='bbox 1559 805 1605 834; x_wconf 84' lang='lat' dir='ltr'><strong>in-</strong></span> 
     </span>
     <span class='ocr_line' id='line_1_14' title="bbox 94 856 1605 896; baseline -0.005 -3"><span class='ocrx_word' id='word_1_136' title='bbox 94 863 263 893; x_wconf 85' lang='lat' dir='ltr'><strong>troductum</strong></span> <span class='ocrx_word' id='word_1_137' title='bbox 290 860 389 891; x_wconf 89' lang='lat' dir='ltr'><strong>fuerit.</strong></span> <span class='ocrx_word' id='word_1_138' title='bbox 430 861 543 891; x_wconf 82' lang='lat' dir='ltr'><strong>Praeter</strong></span> <span class='ocrx_word' id='word_1_139' title='bbox 566 870 596 890; x_wconf 84' lang='lat' dir='ltr'><strong>ea</strong></span> <span class='ocrx_word' id='word_1_140' title='bbox 621 863 794 892; x_wconf 79' lang='lat' dir='ltr'><strong>Saussurius</strong></span> <span class='ocrx_word' id='word_1_141' title='bbox 819 862 1032 891; x_wconf 82' lang='lat' dir='ltr'><strong>accuratissime</strong></span> <span class='ocrx_word' id='word_1_142' title='bbox 1060 869 1159 890; x_wconf 84' lang='lat' dir='ltr'><strong>omnes</strong></span> <span class='ocrx_word' id='word_1_143' title='bbox 1180 868 1248 890; x_wconf 84' lang='lat' dir='ltr'><strong>suas</strong></span> <span class='ocrx_word' id='word_1_144' title='bbox 1272 859 1453 896; x_wconf 81' lang='lat' dir='ltr'><strong>operationes</strong></span> <span class='ocrx_word' id='word_1_145' title='bbox 1477 856 1605 893; x_wconf 84' lang='lat' dir='ltr'><strong>descrip·</strong></span> 
     </span>
     <span class='ocr_line' id='line_1_15' title="bbox 95 912 1090 950; baseline -0.001 -7"><span class='ocrx_word' id='word_1_146' title='bbox 95 915 156 950; x_wconf 77' lang='lat' dir='ltr'><strong>sit,</strong></span> <span class='ocrx_word' id='word_1_147' title='bbox 177 914 206 942; x_wconf 90' lang='lat' dir='ltr'><strong>in</strong></span> <span class='ocrx_word' id='word_1_148' title='bbox 228 921 284 948; x_wconf 86' lang='lat' dir='ltr'><strong>qua</strong></span> <span class='ocrx_word' id='word_1_149' title='bbox 304 919 384 948; x_wconf 88' lang='lat' dir='ltr'><strong>parte</strong></span> <span class='ocrx_word' id='word_1_150' title='bbox 404 912 530 941; x_wconf 79' lang='lat' dir='ltr'><strong>Crellius</strong></span> <span class='ocrx_word' id='word_1_151' title='bbox 551 919 579 940; x_wconf 90' lang='lat' dir='ltr'><strong>et</strong></span> <span class='ocrx_word' id='word_1_152' title='bbox 598 913 763 942; x_wconf 75' lang='lat' dir='ltr'><strong>Braconnot</strong></span> <span class='ocrx_word' id='word_1_153' title='bbox 785 914 906 942; x_wconf 84' lang='lat' dir='ltr'><strong>multum</strong></span> <span class='ocrx_word' id='word_1_154' title='bbox 928 913 953 941; x_wconf 89' lang='lat' dir='ltr'><strong>ei</strong></span> <span class='ocrx_word' id='word_1_155' title='bbox 972 913 1090 942; x_wconf 88' lang='lat' dir='ltr'><strong>cedunt.</strong></span> 
     </span>
    </p>

    <p class='ocr_par' dir='ltr' id='par_1_3' title="bbox 95 958 1612 1660">
     <span class='ocr_line' id='line_1_16' title="bbox 132 958 1605 1000; baseline -0.005 -6"><span class='ocrx_word' id='word_1_156' title='bbox 132 965 192 994; x_wconf 84' lang='lat' dir='ltr'><strong>Alii</strong></span> <span class='ocrx_word' id='word_1_157' title='bbox 207 971 307 992; x_wconf 85' lang='lat' dir='ltr'><strong>rursus</strong></span> <span class='ocrx_word' id='word_1_158' title='bbox 323 963 404 991; x_wconf 88' lang='lat' dir='ltr'><strong>aliam</strong></span> <span class='ocrx_word' id='word_1_159' title='bbox 425 963 517 991; x_wconf 78' lang='lat' dir='ltr'><strong>adhuc</strong></span> <span class='ocrx_word' id='word_1_160' title='bbox 535 971 752 1000; x_wconf 88' lang='lat' dir='ltr'><strong>proposuerunt</strong></span> <span class='ocrx_word' id='word_1_161' title='bbox 769 964 960 1000; x_wconf 73' lang='lat' dir='ltr'><strong>sententiam,</strong></span> <span class='ocrx_word' id='word_1_162' title='bbox 990 964 1064 993; x_wconf 87' lang='lat' dir='ltr'><strong>inter</strong></span> <span class='ocrx_word' id='word_1_163' title='bbox 1085 971 1159 1000; x_wconf 89' lang='lat' dir='ltr'><strong>quos</strong></span> <span class='ocrx_word' id='word_1_164' title='bbox 1187 963 1340 999; x_wconf 72' lang='lat' dir='ltr'><strong>praecipue</strong></span> <span class='ocrx_word' id='word_1_165' title='bbox 1365 959 1512 990; x_wconf 78' lang='lat' dir='ltr'><strong>Ruhland</strong></span> <span class='ocrx_word' id='word_1_166' title='bbox 1529 958 1605 996; x_wconf 81' lang='lat' dir='ltr'><em>(b).</em></span> 
     </span>
     <span class='ocr_line' id='line_1_17' title="bbox 95 1013 1605 1046; baseline -0.006 0"><span class='ocrx_word' id='word_1_167' title='bbox 95 1017 125 1046; x_wconf 89' lang='lat' dir='ltr'><strong>Is</strong></span> <span class='ocrx_word' id='word_1_168' title='bbox 149 1023 208 1045; x_wconf 90' lang='lat' dir='ltr'><strong>non</strong></span> <span class='ocrx_word' id='word_1_169' title='bbox 235 1014 292 1044; x_wconf 78' lang='lat' dir='ltr'><strong>nisi</strong></span> <span class='ocrx_word' id='word_1_170' title='bbox 314 1014 372 1043; x_wconf 90' lang='lat' dir='ltr'><strong>vim</strong></span> <span class='ocrx_word' id='word_1_171' title='bbox 400 1013 595 1043; x_wconf 79' lang='lat' dir='ltr'><strong>stimulantem</strong></span> <span class='ocrx_word' id='word_1_172' title='bbox 618 1014 797 1045; x_wconf 78' lang='lat' dir='ltr'><strong>Gas‘Acido</strong></span> <span class='ocrx_word' id='word_1_173' title='bbox 821 1016 990 1045; x_wconf 89' lang='lat' dir='ltr'><strong>Carbonico</strong></span> <span class='ocrx_word' id='word_1_174' title='bbox 1016 1015 1140 1044; x_wconf 52' lang='lat' dir='ltr'><strong>tribuit.*</strong></span> <span class='ocrx_word' id='word_1_175' title='bbox 1175 1014 1317 1044; x_wconf 84' lang='lat' dir='ltr'><strong>Observat</strong></span> <span class='ocrx_word' id='word_1_176' title='bbox 1344 1013 1496 1042; x_wconf 76' lang='lat' dir='ltr'><strong>Saussurii</strong></span> <span class='ocrx_word' id='word_1_177' title='bbox 1520 1017 1605 1046; x_wconf 86' lang='lat' dir='ltr'><strong>expe-</strong></span> 
     </span>
     <span class='ocr_line' id='line_1_18' title="bbox 95 1059 1608 1102; baseline -0.006 -7"><span class='ocrx_word' id='word_1_178' title='bbox 95 1067 216 1095; x_wconf 84' lang='lat' dir='ltr'><strong>rimenta</strong></span> <span class='ocrx_word' id='word_1_179' title='bbox 242 1065 316 1093; x_wconf 86' lang='lat' dir='ltr'><strong>alius</strong></span> <span class='ocrx_word' id='word_1_180' title='bbox 350 1064 554 1100; x_wconf 83' lang='lat' dir='ltr'><strong>explicationis</strong></span> <span class='ocrx_word' id='word_1_181' title='bbox 588 1073 652 1094; x_wconf 86' lang='lat' dir='ltr'><strong>esse</strong></span> <span class='ocrx_word' id='word_1_182' title='bbox 686 1067 820 1102; x_wconf 83' lang='lat' dir='ltr'><strong>capacia,</strong></span> <span class='ocrx_word' id='word_1_183' title='bbox 859 1075 944 1102; x_wconf 85' lang='lat' dir='ltr'><strong>quarn</strong></span> <span class='ocrx_word' id='word_1_184' title='bbox 981 1075 1038 1101; x_wconf 87' lang='lat' dir='ltr'><strong>qua</strong></span> <span class='ocrx_word' id='word_1_185' title='bbox 1073 1066 1135 1102; x_wconf 91' lang='lat' dir='ltr'><strong>ipse</strong></span> <span class='ocrx_word' id='word_1_186' title='bbox 1167 1063 1395 1102; x_wconf 75' lang='lat' dir='ltr'><strong>(Saussurius)</strong></span> <span class='ocrx_word' id='word_1_187' title='bbox 1433 1062 1534 1091; x_wconf 84' lang='lat' dir='ltr'><strong>utitur.</strong></span> <span class='ocrx_word' id='word_1_188' title='bbox 1575 1059 1608 1088; x_wconf 90' lang='lat' dir='ltr'><strong>Si</strong></span> 
     </span>
     <span class='ocr_line' id='line_1_19' title="bbox 95 1113 1605 1154; baseline -0.005 -8"><span class='ocrx_word' id='word_1_189' title='bbox 95 1117 172 1146; x_wconf 86' lang='lat' dir='ltr'><strong>enim</strong></span> <span class='ocrx_word' id='word_1_190' title='bbox 199 1116 322 1146; x_wconf 89' lang='lat' dir='ltr'><strong>Acidum</strong></span> <span class='ocrx_word' id='word_1_191' title='bbox 349 1115 547 1144; x_wconf 85' lang='lat' dir='ltr'><strong>Carbonicum</strong></span> <span class='ocrx_word' id='word_1_192' title='bbox 567 1117 764 1146; x_wconf 83' lang='lat' dir='ltr'><strong>consideretur</strong></span> <span class='ocrx_word' id='word_1_193' title='bbox 792 1124 940 1154; x_wconf 88' lang='lat' dir='ltr'><strong>tamquam</strong></span> <span class='ocrx_word' id='word_1_194' title='bbox 965 1117 1124 1152; x_wconf 77' lang='lat' dir='ltr'><strong>stimulus,</strong></span> <span class='ocrx_word' id='word_1_195' title='bbox 1144 1117 1229 1152; x_wconf 87' lang='lat' dir='ltr'><strong>cujus</strong></span> <span class='ocrx_word' id='word_1_196' title='bbox 1258 1113 1417 1151; x_wconf 82' lang='lat' dir='ltr'><strong>praesentia</strong></span> <span class='ocrx_word' id='word_1_197' title='bbox 1441 1113 1605 1148; x_wconf 80' lang='lat' dir='ltr'><strong>plantarum</strong></span> 
     </span>
     <span class='ocr_line' id='line_1_20' title="bbox 95 1162 1608 1205; baseline -0.005 -7"><span class='ocrx_word' id='word_1_198' title='bbox 95 1168 261 1198; x_wconf 81' lang='lat' dir='ltr'><strong>functiones</strong></span> <span class='ocrx_word' id='word_1_199' title='bbox 295 1166 506 1202; x_wconf 77' lang='lat' dir='ltr'><strong>accelerantur3</strong></span> <span class='ocrx_word' id='word_1_200' title='bbox 548 1168 573 1196; x_wconf 79' lang='lat' dir='ltr'><strong>sl</strong></span> <span class='ocrx_word' id='word_1_201' title='bbox 606 1176 694 1203; x_wconf 90' lang='lat' dir='ltr'><strong>porro</strong></span> <span class='ocrx_word' id='word_1_202' title='bbox 727 1168 762 1196; x_wconf 86' lang='lat' dir='ltr'><strong>ad</strong></span> <span class='ocrx_word' id='word_1_203' title='bbox 796 1168 882 1197; x_wconf 85' lang='lat' dir='ltr'><strong>hasce</strong></span> <span class='ocrx_word' id='word_1_204' title='bbox 918 1168 1085 1197; x_wconf 86' lang='lat' dir='ltr'><strong>functiones</strong></span> <span class='ocrx_word' id='word_1_205' title='bbox 1112 1167 1232 1195; x_wconf 75' lang='lat' dir='ltr'><strong>refertur</strong></span> <span class='ocrx_word' id='word_1_206' title='bbox 1258 1166 1359 1194; x_wconf 85' lang='lat' dir='ltr'><strong>diurna</strong></span> <span class='ocrx_word' id='word_1_207' title='bbox 1388 1162 1531 1205; x_wconf 81' lang='lat' dir='ltr'><strong>Oxygenii</strong></span> <span class='ocrx_word' id='word_1_208' title='bbox 1560 1169 1608 1189; x_wconf 79' lang='lat' dir='ltr'><strong>ex-</strong></span> 
     </span>
     <span class='ocr_line' id='line_1_21' title="bbox 100 1211 1609 1255; baseline -0.005 -8"><span class='ocrx_word' id='word_1_209' title='bbox 100 1219 221 1255; x_wconf 87' lang='lat' dir='ltr'><strong>spiratio</strong></span> <span class='ocrx_word' id='word_1_210' title='bbox 247 1225 262 1245; x_wconf 90' lang='lat' dir='ltr'><strong>e</strong></span> <span class='ocrx_word' id='word_1_211' title='bbox 287 1217 388 1252; x_wconf 88' lang='lat' dir='ltr'><strong>foliis,</strong></span> <span class='ocrx_word' id='word_1_212' title='bbox 415 1224 443 1246; x_wconf 88' lang='lat' dir='ltr'><strong>et</strong></span> <span class='ocrx_word' id='word_1_213' title='bbox 469 1217 548 1247; x_wconf 89' lang='lat' dir='ltr'><strong>illius</strong></span> <span class='ocrx_word' id='word_1_214' title='bbox 575 1218 711 1254; x_wconf 84' lang='lat' dir='ltr'><strong>principii</strong></span> <span class='ocrx_word' id='word_1_215' title='bbox 740 1219 922 1254; x_wconf 81' lang='lat' dir='ltr'><strong>subsequens</strong></span> <span class='ocrx_word' id='word_1_216' title='bbox 947 1219 1099 1255; x_wconf 88' lang='lat' dir='ltr'><strong>inspiratio</strong></span> <span class='ocrx_word' id='word_1_217' title='bbox 1125 1224 1289 1253; x_wconf 89' lang='lat' dir='ltr'><strong>nocturna,</strong></span> <span class='ocrx_word' id='word_1_218' title='bbox 1327 1211 1479 1245; x_wconf 67' lang='lat' dir='ltr'><strong>Saussurii</strong></span> <span class='ocrx_word' id='word_1_219' title='bbox 1499 1212 1609 1250; x_wconf 80' lang='lat' dir='ltr'><strong>experi-</strong></span> 
     </span>
     <span class='ocr_line' id='line_1_22' title="bbox 97 1264 1607 1307; baseline -0.005 -9"><span class='ocrx_word' id='word_1_220' title='bbox 97 1276 192 1298; x_wconf 87' lang='lat' dir='ltr'><strong>menta</strong></span> <span class='ocrx_word' id='word_1_221' title='bbox 216 1268 290 1296; x_wconf 73' lang='lat' dir='ltr'><strong>solis</strong></span> <span class='ocrx_word' id='word_1_222' title='bbox 311 1268 389 1297; x_wconf 81' lang='lat' dir='ltr'><strong>hisce</strong></span> <span class='ocrx_word' id='word_1_223' title='bbox 407 1268 629 1304; x_wconf 71' lang='lat' dir='ltr'><strong>‚hypothesibus</strong></span> <span class='ocrx_word' id='word_1_224' title='bbox 661 1278 749 1306; x_wconf 89' lang='lat' dir='ltr'><strong>posse</strong></span> <span class='ocrx_word' id='word_1_225' title='bbox 775 1271 931 1307; x_wconf 85' lang='lat' dir='ltr'><strong>explicari,</strong></span> <span class='ocrx_word' id='word_1_226' title='bbox 961 1271 1069 1299; x_wconf 86' lang='lat' dir='ltr'><strong>intacta</strong></span> <span class='ocrx_word' id='word_1_227' title='bbox 1102 1268 1164 1299; x_wconf 90' lang='lat' dir='ltr'><strong>Gas</strong></span> <span class='ocrx_word' id='word_1_228' title='bbox 1192 1269 1276 1297; x_wconf 84' lang='lat' dir='ltr'><strong>Acidi</strong></span> <span class='ocrx_word' id='word_1_229' title='bbox 1305 1266 1464 1300; x_wconf 83' lang='lat' dir='ltr'><strong>Carbonici</strong></span> <span class='ocrx_word' id='word_1_230' title='bbox 1490 1264 1607 1292; x_wconf 83' lang='lat' dir='ltr'><strong>mixtio-</strong></span> 
     </span>
     <span class='ocr_line' id='line_1_23' title="bbox 96 1315 1608 1356; baseline -0.005 -6"><span class='ocrx_word' id='word_1_231' title='bbox 96 1328 133 1350; x_wconf 84' lang='lat' dir='ltr'><strong>ne</strong></span> <span class='ocrx_word' id='word_1_232' title='bbox 153 1326 246 1356; x_wconf 69' lang='lat' dir='ltr'><strong>putat,</strong></span> <span class='ocrx_word' id='word_1_233' title='bbox 288 1318 388 1347; x_wconf 88' lang='lat' dir='ltr'><strong>Talem</strong></span> <span class='ocrx_word' id='word_1_234' title='bbox 417 1320 585 1348; x_wconf 87' lang='lat' dir='ltr'><strong>sententiam</strong></span> <span class='ocrx_word' id='word_1_235' title='bbox 615 1321 716 1349; x_wconf 89' lang='lat' dir='ltr'><strong>melius</strong></span> <span class='ocrx_word' id='word_1_236' title='bbox 741 1322 895 1350; x_wconf 85' lang='lat' dir='ltr'><strong>convenire</strong></span> <span class='ocrx_word' id='word_1_237' title='bbox 920 1321 1104 1351; x_wconf 85' lang='lat' dir='ltr'><strong>creditcum</strong></span> <span class='ocrx_word' id='word_1_238' title='bbox 1130 1320 1248 1348; x_wconf 84' lang='lat' dir='ltr'><strong>caeteris</strong></span> <span class='ocrx_word' id='word_1_239' title='bbox 1274 1315 1481 1354; x_wconf 87' lang='lat' dir='ltr'><strong>phaenomenis</strong></span> <span class='ocrx_word' id='word_1_240' title='bbox 1502 1322 1608 1350; x_wconf 90' lang='lat' dir='ltr'><strong>corpo-</strong></span> 
     </span>
     <span class='ocr_line' id='line_1_24' title="bbox 96 1366 1607 1407; baseline -0.005 -8"><span class='ocrx_word' id='word_1_241' title='bbox 96 1379 160 1405; x_wconf 76' lang='lat' dir='ltr'><strong>rum</strong></span> <span class='ocrx_word' id='word_1_242' title='bbox 185 1370 407 1406; x_wconf 86' lang='lat' dir='ltr'><strong>organicorum,</strong></span> <span class='ocrx_word' id='word_1_243' title='bbox 435 1377 508 1405; x_wconf 89' lang='lat' dir='ltr'><strong>quae</strong></span> <span class='ocrx_word' id='word_1_244' title='bbox 528 1378 685 1406; x_wconf 86' lang='lat' dir='ltr'><strong>numquam</strong></span> <span class='ocrx_word' id='word_1_245' title='bbox 711 1371 741 1399; x_wconf 90' lang='lat' dir='ltr'><strong>in</strong></span> <span class='ocrx_word' id='word_1_246' title='bbox 766 1372 956 1401; x_wconf 83' lang='lat' dir='ltr'><strong>substantiam</strong></span> <span class='ocrx_word' id='word_1_247' title='bbox 986 1372 1064 1407; x_wconf 83' lang='lat' dir='ltr'><strong>regni</strong></span> <span class='ocrx_word' id='word_1_248' title='bbox 1088 1370 1249 1406; x_wconf 82' lang='lat' dir='ltr'><strong>inorganici</strong></span> <span class='ocrx_word' id='word_1_249' title='bbox 1279 1375 1388 1405; x_wconf 84' lang='lat' dir='ltr'><strong>agunt,</strong></span> <span class='ocrx_word' id='word_1_250' title='bbox 1419 1367 1476 1401; x_wconf 73' lang='lat' dir='ltr'><strong>nisi</strong></span> <span class='ocrx_word' id='word_1_251' title='bbox 1501 1366 1607 1402; x_wconf 83' lang='lat' dir='ltr'><strong>diutis-</strong></span> 
     </span>
     <span class='ocr_line' id='line_1_25' title="bbox 95 1416 1606 1454; baseline -0.003 -6"><span class='ocrx_word' id='word_1_252' title='bbox 95 1421 169 1451; x_wconf 75' lang='lat' dir='ltr'><strong>sime</strong></span> <span class='ocrx_word' id='word_1_253' title='bbox 195 1429 261 1454; x_wconf 78' lang='lat' dir='ltr'><strong>cum</strong></span> <span class='ocrx_word' id='word_1_254' title='bbox 286 1421 322 1448; x_wconf 81' lang='lat' dir='ltr'><strong>iis</strong></span> <span class='ocrx_word' id='word_1_255' title='bbox 345 1421 375 1448; x_wconf 90' lang='lat' dir='ltr'><strong>in</strong></span> <span class='ocrx_word' id='word_1_256' title='bbox 407 1427 545 1449; x_wconf 89' lang='lat' dir='ltr'><strong>contactu</strong></span> <span class='ocrx_word' id='word_1_257' title='bbox 576 1420 697 1450; x_wconf 77' lang='lat' dir='ltr'><strong>fuerint.</strong></span> <span class='ocrx_word' id='word_1_258' title='bbox 745 1422 777 1450; x_wconf 87' lang='lat' dir='ltr'><strong>Si</strong></span> <span class='ocrx_word' id='word_1_259' title='bbox 807 1429 899 1453; x_wconf 84' lang='lat' dir='ltr'><strong>autem</strong></span> <span class='ocrx_word' id='word_1_260' title='bbox 932 1422 1017 1450; x_wconf 84' lang='lat' dir='ltr'><strong>Acidi</strong></span> <span class='ocrx_word' id='word_1_261' title='bbox 1052 1421 1211 1450; x_wconf 78' lang='lat' dir='ltr'><strong>Carbonici</strong></span> <span class='ocrx_word' id='word_1_262' title='bbox 1244 1420 1320 1448; x_wconf 65' lang='lat' dir='ltr'><strong>aceio</strong></span> <span class='ocrx_word' id='word_1_263' title='bbox 1344 1419 1372 1447; x_wconf 88' lang='lat' dir='ltr'><strong>in</strong></span> <span class='ocrx_word' id='word_1_264' title='bbox 1400 1416 1606 1454; x_wconf 84' lang='lat' dir='ltr'><strong>vegetationem</strong></span> 
     </span>
     <span class='ocr_line' id='line_1_26' title="bbox 96 1468 1606 1509; baseline -0.003 -10"><span class='ocrx_word' id='word_1_265' title='bbox 96 1473 180 1500; x_wconf 84' lang='lat' dir='ltr'><strong>unice</strong></span> <span class='ocrx_word' id='word_1_266' title='bbox 207 1471 293 1498; x_wconf 82' lang='lat' dir='ltr'><strong>fuerit</strong></span> <span class='ocrx_word' id='word_1_267' title='bbox 319 1470 493 1506; x_wconf 85' lang='lat' dir='ltr'><strong>stimulans,</strong></span> <span class='ocrx_word' id='word_1_268' title='bbox 530 1471 599 1500; x_wconf 89' lang='lat' dir='ltr'><strong>adeo</strong></span> <span class='ocrx_word' id='word_1_269' title='bbox 628 1478 661 1500; x_wconf 89' lang='lat' dir='ltr'><strong>ut</strong></span> <span class='ocrx_word' id='word_1_270' title='bbox 684 1472 807 1500; x_wconf 86' lang='lat' dir='ltr'><strong>interdiu</strong></span> <span class='ocrx_word' id='word_1_271' title='bbox 839 1474 972 1509; x_wconf 82' lang='lat' dir='ltr'><strong>majorem</strong></span> <span class='ocrx_word' id='word_1_272' title='bbox 1005 1471 1149 1508; x_wconf 82' lang='lat' dir='ltr'><strong>Oxygenii</strong></span> <span class='ocrx_word' id='word_1_273' title='bbox 1186 1471 1379 1503; x_wconf 86' lang='lat' dir='ltr'><strong>evolutionem</strong></span> <span class='ocrx_word' id='word_1_274' title='bbox 1413 1468 1606 1504; x_wconf 83' lang='lat' dir='ltr'><strong>produceret,</strong></span> 
     </span>
     <span class='ocr_line' id='line_1_27' title="bbox 96 1518 1608 1559; baseline -0.003 -9"><span class='ocrx_word' id='word_1_275' title='bbox 96 1530 156 1559; x_wconf 70' lang='lat' dir='ltr'><strong>non</strong></span> <span class='ocrx_word' id='word_1_276' title='bbox 173 1521 375 1558; x_wconf 32' lang='lat' dir='ltr'><strong>,provenientis</strong></span> <span class='ocrx_word' id='word_1_277' title='bbox 402 1529 435 1550; x_wconf 80' lang='lat' dir='ltr'><strong>ex</strong></span> <span class='ocrx_word' id='word_1_278' title='bbox 461 1530 511 1550; x_wconf 89' lang='lat' dir='ltr'><strong>sua</strong></span> <span class='ocrx_word' id='word_1_279' title='bbox 531 1523 797 1558; x_wconf 83' lang='lat' dir='ltr'><strong>decompositione,</strong></span> <span class='ocrx_word' id='word_1_280' title='bbox 818 1523 866 1550; x_wconf 81' lang='lat' dir='ltr'><strong>sed</strong></span> <span class='ocrx_word' id='word_1_281' title='bbox 891 1531 925 1550; x_wconf 86' lang='lat' dir='ltr'><strong>ex</strong></span> <span class='ocrx_word' id='word_1_282' title='bbox 950 1523 1170 1558; x_wconf 79' lang='lat' dir='ltr'><strong>parenehymate</strong></span> <span class='ocrx_word' id='word_1_283' title='bbox 1196 1520 1332 1549; x_wconf 85' lang='lat' dir='ltr'><strong>foliorum</strong></span> <span class='ocrx_word' id='word_1_284' title='bbox 1357 1519 1487 1552; x_wconf 80' lang='lat' dir='ltr'><strong>evoluti,</strong></span> <span class='ocrx_word' id='word_1_285' title='bbox 1509 1518 1608 1546; x_wconf 79' lang='lat' dir='ltr'><strong>eodem</strong></span> 
     </span>
     <span class='ocr_line' id='line_1_28' title="bbox 98 1570 1612 1610; baseline -0.003 -10"><span class='ocrx_word' id='word_1_286' title='bbox 98 1573 180 1601; x_wconf 82' lang='lat' dir='ltr'><strong>etiam</strong></span> <span class='ocrx_word' id='word_1_287' title='bbox 218 1572 303 1601; x_wconf 89' lang='lat' dir='ltr'><strong>modo</strong></span> <span class='ocrx_word' id='word_1_288' title='bbox 340 1579 423 1610; x_wconf 85' lang='lat' dir='ltr'><strong>agent</strong></span> <span class='ocrx_word' id='word_1_289' title='bbox 459 1572 513 1601; x_wconf 86' lang='lat' dir='ltr'><strong>alia</strong></span> <span class='ocrx_word' id='word_1_290' title='bbox 544 1573 722 1603; x_wconf 84' lang='lat' dir='ltr'><strong>stimulantia</strong></span> <span class='ocrx_word' id='word_1_291' title='bbox 758 1574 865 1610; x_wconf 81' lang='lat' dir='ltr'><strong>plantis</strong></span> <span class='ocrx_word' id='word_1_292' title='bbox 903 1573 1069 1610; x_wconf 77' lang='lat' dir='ltr'><strong>applicata,</strong></span> <span class='ocrx_word' id='word_1_293' title='bbox 1107 1573 1198 1601; x_wconf 84' lang='lat' dir='ltr'><strong>Acida</strong></span> <span class='ocrx_word' id='word_1_294' title='bbox 1237 1580 1267 1600; x_wconf 83' lang='lat' dir='ltr'><strong>v.</strong></span> <span class='ocrx_word' id='word_1_295' title='bbox 1297 1579 1326 1608; x_wconf 80' lang='lat' dir='ltr'><strong>g.</strong></span> <span class='ocrx_word' id='word_1_296' title='bbox 1358 1570 1403 1599; x_wconf 84' lang='lat' dir='ltr'><strong>vel</strong></span> <span class='ocrx_word' id='word_1_297' title='bbox 1433 1570 1503 1598; x_wconf 81' lang='lat' dir='ltr'><strong>salia</strong></span> <span class='ocrx_word' id='word_1_298' title='bbox 1536 1576 1612 1597; x_wconf 86' lang='lat' dir='ltr'><strong>non·</strong></span> 
     </span>
     <span class='ocr_line' id='line_1_29' title="bbox 96 1615 847 1660; baseline -0.008 -6"><span class='ocrx_word' id='word_1_299' title='bbox 96 1618 177 1654; x_wconf 75' lang='lat' dir='ltr'><strong>&#39;rinna</strong></span> <span class='ocrx_word' id='word_1_300' title='bbox 198 1623 236 1660; x_wconf 84' lang='lat' dir='ltr'><strong>(c</strong></span> <span class='ocrx_word' id='word_1_301' title='bbox 249 1623 276 1660; x_wconf 87' lang='grc'><strong>).</strong></span> <span class='ocrx_word' id='word_1_302' title='bbox 302 1615 305 1618; x_wconf 85' lang='grc'><strong><em>’</em></strong></span> <span class='ocrx_word' id='word_1_303' title='bbox 414 1621 417 1626; x_wconf 79' lang='grc'><em>’</em></span> <span class='ocrx_word' id='word_1_304' title='bbox 842 1627 847 1630; x_wconf 94' lang='grc'><strong><em>·</em></strong></span> 
     </span>
    </p>

    <p class='ocr_par' dir='ltr' id='par_1_4' title="bbox 1536 1669 1615 1699">
     <span class='ocr_line' id='line_1_30' title="bbox 1536 1669 1615 1699; baseline -0.013 -1"><span class='ocrx_word' id='word_1_305' title='bbox 1536 1669 1615 1699; x_wconf 77' lang='lat' dir='ltr'><strong>Haec</strong></span> 
     </span>
    </p>
   </div>
   <div class='ocr_carea' id='block_1_3' title="bbox 98 1749 1619 2037">
    <p class='ocr_par' dir='ltr' id='par_1_5' title="bbox 99 1749 741 1830">
     <span class='ocr_line' id='line_1_31' title="bbox 99 1749 741 1785; baseline 0.002 -13"><span class='ocrx_word' id='word_1_306' title='bbox 99 1749 103 1754; x_wconf 57' lang='lat'><strong><em>‘</em></strong></span> <span class='ocrx_word' id='word_1_307' title='bbox 127 1755 178 1782; x_wconf 77' lang='lat' dir='ltr'><strong>(a)</strong></span> <span class='ocrx_word' id='word_1_308' title='bbox 205 1753 304 1773; x_wconf 64' lang='lat' dir='ltr'><strong>Annales</strong></span> <span class='ocrx_word' id='word_1_309' title='bbox 320 1753 344 1773; x_wconf 73' lang='lat' dir='ltr'><strong>dc</strong></span> <span class='ocrx_word' id='word_1_310' title='bbox 361 1754 464 1783; x_wconf 69' lang='lat' dir='ltr'><strong>shimz&#39;e,</strong></span> <span class='ocrx_word' id='word_1_311' title='bbox 486 1755 551 1778; x_wconf 81' lang='lat' dir='ltr'><strong>Tom,</strong></span> <span class='ocrx_word' id='word_1_312' title='bbox 569 1762 589 1783; x_wconf 79' lang='lat'><strong>3.</strong></span> <span class='ocrx_word' id='word_1_313' title='bbox 615 1763 637 1784; x_wconf 69' lang='grc' dir='ltr'><strong>ρ,</strong></span> <span class='ocrx_word' id='word_1_314' title='bbox 659 1758 706 1784; x_wconf 73' lang='lat'>¹7⁸·</span> <span class='ocrx_word' id='word_1_315' title='bbox 739 1782 741 1785; x_wconf 27' lang='lat'><strong>⁴</strong></span> 
     </span>
     <span class='ocr_line' id='line_1_32' title="bbox 99 1790 716 1830; baseline 0 -16"><span class='ocrx_word' id='word_1_316' title='bbox 99 1790 103 1830; x_wconf 41' lang='grc' dir='ltr'>ἶ</span> <span class='ocrx_word' id='word_1_317' title='bbox 127 1793 176 1821; x_wconf 78' lang='lat' dir='ltr'><strong>(b)</strong></span> <span class='ocrx_word' id='word_1_318' title='bbox 195 1794 292 1818; x_wconf 72' lang='lat' dir='ltr'><strong>Journal</strong></span> <span class='ocrx_word' id='word_1_319' title='bbox 307 1794 330 1814; x_wconf 73' lang='lat' dir='ltr'><strong>de</strong></span> <span class='ocrx_word' id='word_1_320' title='bbox 348 1795 473 1824; x_wconf 59' lang='lat' dir='ltr'><strong>Phj&#39;rique,</strong></span> <span class='ocrx_word' id='word_1_321' title='bbox 489 1797 553 1819; x_wconf 79' lang='lat' dir='ltr'><strong>Tem,</strong></span> <span class='ocrx_word' id='word_1_322' title='bbox 565 1804 601 1824; x_wconf 74' lang='lat'><strong>33„</strong></span> <span class='ocrx_word' id='word_1_323' title='bbox 625 1806 648 1826; x_wconf 74' lang='lat' dir='ltr'><strong>p.</strong></span> <span class='ocrx_word' id='word_1_324' title='bbox 667 1803 716 1823; x_wconf 82' lang='lat'>33¹.</span> 
     </span>
    </p>

    <p class='ocr_par' dir='ltr' id='par_1_6' title="bbox 98 1828 1619 2037">
     <span class='ocr_line' id='line_1_33' title="bbox 127 1828 1617 1866; baseline -0.005 -9"><span class='ocrx_word' id='word_1_325' title='bbox 127 1836 179 1861; x_wconf 82' lang='lat' dir='ltr'><strong>(c)</strong></span> <span class='ocrx_word' id='word_1_326' title='bbox 201 1834 270 1857; x_wconf 76' lang='lat' dir='ltr'><strong>Nota,</strong></span> <span class='ocrx_word' id='word_1_327' title='bbox 301 1835 351 1858; x_wconf 84' lang='lat' dir='ltr'><strong>Non</strong></span> <span class='ocrx_word' id='word_1_328' title='bbox 371 1837 446 1859; x_wconf 74' lang='lat' dir='ltr'><strong>onnia</strong></span> <span class='ocrx_word' id='word_1_329' title='bbox 467 1838 522 1859; x_wconf 76' lang='lat' dir='ltr'><strong>salin</strong></span> <span class='ocrx_word' id='word_1_330' title='bbox 543 1840 602 1861; x_wconf 84' lang='lat' dir='ltr'><strong>enim</strong></span> <span class='ocrx_word' id='word_1_331' title='bbox 630 1840 767 1862; x_wconf 79' lang='lat' dir='ltr'><strong>vividiorem</strong></span> <span class='ocrx_word' id='word_1_332' title='bbox 794 1839 961 1866; x_wconf 73' lang='lat' dir='ltr'><strong>vegetationem</strong></span> <span class='ocrx_word' id='word_1_333' title='bbox 985 1840 1080 1862; x_wconf 78' lang='lat' dir='ltr'><strong>reddere</strong></span> <span class='ocrx_word' id='word_1_334' title='bbox 1103 1842 1206 1865; x_wconf 72' lang='lat' dir='ltr'><strong>possunt.</strong></span> <span class='ocrx_word' id='word_1_335' title='bbox 1245 1837 1297 1857; x_wconf 85' lang='lat' dir='ltr'><strong>Sunt</strong></span> <span class='ocrx_word' id='word_1_336' title='bbox 1322 1831 1429 1856; x_wconf 82' lang='lat' dir='ltr'><strong>nonnulla</strong></span> <span class='ocrx_word' id='word_1_337' title='bbox 1447 1835 1503 1858; x_wconf 79' lang='lat' dir='ltr'><strong>qnae</strong></span> <span class='ocrx_word' id='word_1_338' title='bbox 1526 1828 1617 1857; x_wconf 64' lang='lat' dir='ltr'><strong>penitus</strong></span> 
     </span>
     <span class='ocr_line' id='line_1_34' title="bbox 99 1871 1616 1909; baseline -0.003 -14"><span class='ocrx_word' id='word_1_339' title='bbox 99 1876 238 1901; x_wconf 69' lang='lat' dir='ltr'><strong>vegetationi</strong></span> <span class='ocrx_word' id='word_1_340' title='bbox 258 1875 355 1902; x_wconf 77' lang='lat' dir='ltr'><strong>obsum,</strong></span> <span class='ocrx_word' id='word_1_341' title='bbox 386 1879 428 1899; x_wconf 79' lang='lat' dir='ltr'><strong>alia</strong></span> <span class='ocrx_word' id='word_1_342' title='bbox 451 1885 526 1902; x_wconf 75' lang='lat' dir='ltr'><strong>rursus</strong></span> <span class='ocrx_word' id='word_1_343' title='bbox 541 1879 593 1899; x_wconf 66' lang='lat' dir='ltr'><strong>hnic</strong></span> <span class='ocrx_word' id='word_1_344' title='bbox 614 1883 700 1907; x_wconf 72' lang='lat' dir='ltr'><strong>plantae</strong></span> <span class='ocrx_word' id='word_1_345' title='bbox 723 1887 829 1909; x_wconf 75' lang='lat' dir='ltr'><strong>prosum,</strong></span> <span class='ocrx_word' id='word_1_346' title='bbox 853 1881 890 1900; x_wconf 74' lang='lat' dir='ltr'><strong>iili</strong></span> <span class='ocrx_word' id='word_1_347' title='bbox 911 1887 1001 1902; x_wconf 79' lang='lat' dir='ltr'><strong>nocent.</strong></span> <span class='ocrx_word' id='word_1_348' title='bbox 1036 1881 1072 1902; x_wconf 75' lang='lat' dir='ltr'><strong>Sic</strong></span> <span class='ocrx_word' id='word_1_349' title='bbox 1098 1880 1200 1901; x_wconf 64' lang='lat' dir='ltr'><strong>videmus</strong></span> <span class='ocrx_word' id='word_1_350' title='bbox 1227 1877 1310 1899; x_wconf 75' lang='lat' dir='ltr'><strong>Mur-ias</strong></span> <span class='ocrx_word' id='word_1_351' title='bbox 1331 1876 1403 1897; x_wconf 82' lang='lat' dir='ltr'><strong>Sodac</strong></span> <span class='ocrx_word' id='word_1_352' title='bbox 1423 1872 1504 1900; x_wconf 69' lang='lat' dir='ltr'><strong>plantis</strong></span> <span class='ocrx_word' id='word_1_353' title='bbox 1525 1871 1616 1892; x_wconf 76' lang='lat' dir='ltr'><strong>marinis</strong></span> 
     </span>
     <span class='ocr_line' id='line_1_35' title="bbox 100 1912 1617 1954; baseline 0.003 -16"><span class='ocrx_word' id='word_1_354' title='bbox 100 1918 202 1954; x_wconf 59' lang='lat' dir='ltr'><strong>absolute</strong></span> <span class='ocrx_word' id='word_1_355' title='bbox 223 1919 372 1940; x_wconf 74' lang='lat' dir='ltr'><strong>necessarium</strong></span> <span class='ocrx_word' id='word_1_356' title='bbox 395 1926 444 1942; x_wconf 71' lang='lat' dir='ltr'><strong>esse</strong></span> <span class='ocrx_word' id='word_1_357' title='bbox 464 1922 516 1943; x_wconf 87' lang='lat' dir='ltr'><strong>dum</strong></span> <span class='ocrx_word' id='word_1_358' title='bbox 537 1928 550 1943; x_wconf 84' lang='lat' dir='ltr'><strong>e</strong></span> <span class='ocrx_word' id='word_1_359' title='bbox 573 1928 649 1944; x_wconf 76' lang='lat' dir='ltr'><strong>contra</strong></span> <span class='ocrx_word' id='word_1_360' title='bbox 672 1923 719 1945; x_wconf 80' lang='lat' dir='ltr'><strong>aliis</strong></span> <span class='ocrx_word' id='word_1_361' title='bbox 741 1923 821 1950; x_wconf 71' lang='lat' dir='ltr'><strong>plantis</strong></span> <span class='ocrx_word' id='word_1_362' title='bbox 844 1924 908 1944; x_wconf 82' lang='lat' dir='ltr'><strong>valde</strong></span> <span class='ocrx_word' id='word_1_363' title='bbox 932 1928 1016 1949; x_wconf 84' lang='lat' dir='ltr'><strong>nocet,</strong></span> <span class='ocrx_word' id='word_1_364' title='bbox 1037 1928 1063 1942; x_wconf 83' lang='lat' dir='ltr'><strong>ut</strong></span> <span class='ocrx_word' id='word_1_365' title='bbox 1081 1921 1185 1948; x_wconf 65' lang='lat' dir='ltr'><strong>prob-&#39;vit</strong></span> <span class='ocrx_word' id='word_1_366' title='bbox 1206 1917 1292 1944; x_wconf 70' lang='lat' dir='ltr'><strong>Rnff‘12</strong></span> <span class='ocrx_word' id='word_1_367' title='bbox 1314 1917 1330 1939; x_wconf 65' lang='lat'><strong>1·</strong></span> <span class='ocrx_word' id='word_1_368' title='bbox 1347 1922 1366 1937; x_wconf 77' lang='lat'><strong>‘&#39;-</strong></span> <span class='ocrx_word' id='word_1_369' title='bbox 1390 1920 1439 1942; x_wconf 66' lang='lat'><strong>923·</strong></span> <span class='ocrx_word' id='word_1_370' title='bbox 1459 1919 1508 1939; x_wconf 63' lang='lat'><strong>³²⁴·</strong></span> <span class='ocrx_word' id='word_1_371' title='bbox 1525 1912 1617 1939; x_wconf 51' lang='lat' dir='ltr'><strong>expeti*</strong></span> 
     </span>
     <span class='ocr_line' id='line_1_36' title="bbox 99 1950 1619 1996; baseline 0.003 -14"><span class='ocrx_word' id='word_1_372' title='bbox 99 1964 177 1996; x_wconf 50' lang='lat' dir='ltr'><strong>tiemo</strong></span> <span class='ocrx_word' id='word_1_373' title='bbox 201 1965 250 1980; x_wconf 84' lang='lat' dir='ltr'><strong>cum</strong></span> <span class='ocrx_word' id='word_1_374' title='bbox 272 1959 349 1978; x_wconf 66' lang='lat' dir='ltr'><strong>lunden</strong></span> <span class='ocrx_word' id='word_1_375' title='bbox 374 1960 476 1983; x_wconf 77' lang='lat' dir='ltr'><strong>instituto</strong></span> <span class='ocrx_word' id='word_1_376' title='bbox 523 1963 669 1990; x_wconf 68' lang='lat' dir='ltr'><strong>Anxiqnlorcs</strong></span> <span class='ocrx_word' id='word_1_377' title='bbox 694 1965 748 1986; x_wconf 76' lang='lat' dir='ltr'><strong>salia</strong></span> <span class='ocrx_word' id='word_1_378' title='bbox 770 1964 909 1991; x_wconf 75' lang='lat' dir='ltr'><strong>vegetationi</strong></span> <span class='ocrx_word' id='word_1_379' title='bbox 930 1966 1010 1986; x_wconf 58' lang='lat' dir='ltr'><strong>obesse</strong></span> <span class='ocrx_word' id='word_1_380' title='bbox 1039 1963 1177 1988; x_wconf 64' lang='lat' dir='ltr'><strong>credidisse,</strong></span> <span class='ocrx_word' id='word_1_381' title='bbox 1200 1961 1266 1984; x_wconf 74' lang='lat' dir='ltr'><strong>variis</strong></span> <span class='ocrx_word' id='word_1_382' title='bbox 1291 1959 1400 1986; x_wconf 74' lang='lat' dir='ltr'><strong>exemplis</strong></span> <span class='ocrx_word' id='word_1_383' title='bbox 1421 1963 1497 1987; x_wconf 46' lang='lat' dir='ltr'><strong>Psse‘i</strong></span> <span class='ocrx_word' id='word_1_384' title='bbox 1530 1950 1563 1976; x_wconf 42' lang='grc' dir='ltr'><strong>’,ὦ</strong></span> <span class='ocrx_word' id='word_1_385' title='bbox 1590 1959 1619 1974; x_wconf 67' lang='lat'><strong>²¹</strong></span> 
     </span>
     <span class='ocr_line' id='line_1_37' title="bbox 98 1996 1619 2037; baseline -0.006 -7"><span class='ocrx_word' id='word_1_386' title='bbox 98 1998 191 2022; x_wconf 54' lang='lat' dir='ltr'><strong>”⁸¹⁰⁶ss</strong></span> <span class='ocrx_word' id='word_1_387' title='bbox 218 2001 335 2029; x_wconf 65' lang='lat' dir='ltr'>R0¹¹¹²¹¹²⁹</span> <span class='ocrx_word' id='word_1_388' title='bbox 363 1997 448 2026; x_wconf 64' lang='lat' dir='ltr'><strong>Scithffs</strong></span> <span class='ocrx_word' id='word_1_389' title='bbox 473 2004 588 2029; x_wconf 65' lang='lat' dir='ltr'><strong>Romanoa</strong></span> <span class='ocrx_word' id='word_1_390' title='bbox 608 2008 684 2030; x_wconf 87' lang='lat' dir='ltr'><strong>locum</strong></span> <span class='ocrx_word' id='word_1_391' title='bbox 707 2008 746 2031; x_wconf 85' lang='lat' dir='ltr'><strong>ubi</strong></span> <span class='ocrx_word' id='word_1_392' title='bbox 767 2009 838 2030; x_wconf 80' lang='lat' dir='ltr'><strong>scelus</strong></span> <span class='ocrx_word' id='word_1_393' title='bbox 862 2006 1006 2029; x_wconf 78' lang='lat' dir='ltr'><strong>commissum</strong></span> <span class='ocrx_word' id='word_1_394' title='bbox 1032 2005 1075 2028; x_wconf 79' lang='lat' dir='ltr'><strong>suit</strong></span> <span class='ocrx_word' id='word_1_395' title='bbox 1096 2005 1140 2028; x_wconf 80' lang='lat' dir='ltr'><strong>sale</strong></span> <span class='ocrx_word' id='word_1_396' title='bbox 1160 2004 1257 2031; x_wconf 70' lang='lat' dir='ltr'><strong>regisse,</strong></span> <span class='ocrx_word' id='word_1_397' title='bbox 1274 2008 1297 2023; x_wconf 76' lang='lat' dir='ltr'><strong>ut</strong></span> <span class='ocrx_word' id='word_1_398' title='bbox 1312 1999 1392 2037; x_wconf 75' lang='lat' dir='ltr'><strong>sterilis</strong></span> <span class='ocrx_word' id='word_1_399' title='bbox 1411 1999 1563 2022; x_wconf 65' lang='lat' dir='ltr'><strong>redderetur,</strong></span> <span class='ocrx_word' id='word_1_400' title='bbox 1591 1996 1619 2015; x_wconf 63' lang='grc' dir='ltr'><strong>*ἃ</strong></span> 
     </span>
    </p>
   </div>
   <div class='ocr_carea' id='block_1_4' title="bbox 863 2040 1619 2086">
    <p class='ocr_par' dir='ltr' id='par_1_7' title="bbox 863 2040 1619 2086">
     <span class='ocr_line' id='line_1_38' title="bbox 863 2040 1619 2086; baseline -0.004 -8"><span class='ocrx_word' id='word_1_401' title='bbox 863 2049 888 2078; x_wconf 84' lang='lat' dir='ltr'>C</span> <span class='ocrx_word' id='word_1_402' title='bbox 911 2057 930 2086; x_wconf 82' lang='lat'>3</span> <span class='ocrx_word' id='word_1_403' title='bbox 1563 2040 1619 2058; x_wconf 77' lang='lat'>‘⁰¹²‘</span> 
     </span>
    </p>
   </div>
  </div>
 </body>
</html>
