1946 2517
683 169 1181 208 ORAT102‘
1568 198 1613 232 ας

138 245 317 279 tefaotionis
341 245 468 281 divinae
501 258 628 294 respuat
655 256 891 296 auctoritatem,
923 259 962 291 ad
987 260 1084 293 fidem
1112 273 1171 295 nos
1196 271 1228 297 et
1267 266 1480 302 obedientiam
1510 273 1604 316 plane

139 301 408 346 obstringentem3
434 307 459 337 is
483 307 643 351 profecto,
667 319 770 354 spreta
796 317 916 357 quippe
945 324 976 348 et
1006 319 1137 362 insuper
1164 320 1270 354 habita
1297 327 1481 368 cognitione
1506 328 1604 362 histo·

135 358 223 397 rica,
246 370 342 402 quem
366 362 506 395 vicissim
531 373 682 408 spernant
709 368 902 403 cordatiores
923 377 1068 417 quique,
1101 384 1132 409 et
1163 389 1180 410 a
1204 380 1395 425 Theologiae
1421 389 1601 420 sanctuario

133 412 230 457 longe
255 416 402 459 abigant,
427 427 474 451 est
503 420 722 463 dignissimus.
767 427 810 458 At
836 439 911 459 vero
941 440 1040 473 aeque
1067 433 1298 478 vituperandus
1325 446 1372 471 est
1397 447 1428 472 et
1452 446 1602 485 respuen-

126 469 212 509 dus,
236 474 440 517 quicunque,
464 476 531 507 sola
551 478 732 511 istiusmodi
758 481 907 515 historica
931 494 1102 520 contentus
1129 494 1262 532 notitia,
1285 494 1512 540 philosopham
1532 511 1602 531 sus-

130 537 195 569 que
225 528 329 572 deque
352 530 476 564 habeat.
518 535 630 577 Neque
656 535 767 569 huicce
793 546 905 572 nostro
931 545 1104 576 enunciato
1129 546 1209 579 fides
1240 555 1277 580 ut
1298 550 1368 590 fiat,
1393 553 1503 586 multis
1531 567 1602 588 ver·

127 582 180 616 his
206 595 289 628 opus
307 592 363 619 est.
409 590 524 621 Nonne
547 593 634 623 enim
662 592 849 637 Theologz’a,
870 608 953 641 quae
970 601 1133 633 Naturalis
1153 602 1215 636 dici
1234 605 1330 645 solet,
1355 609 1425 647 cui,
1449 616 1600 655 tanquam

127 640 353 682 fundamento,
378 645 485 676 omnis
514 647 662 680 Revelata
687 658 926 695 superstruatur
951 667 1077 689 necesse
1108 667 1177 698 est,
1201 672 1273 704 pars
1298 669 1345 695 est
1369 665 1469 708 ipsius
1494 668 1600 701 Philo-

124 697 256 741 sophiae
278 700 530 743 metaphysicae?
562 706 662 745 Quis,
691 718 828 749 quaeso,
852 711 916 742 nisi
940 722 958 742 e
986 713 1210 758 Philosophiae
1239 721 1375 752 armario
1405 732 1463 755 sua
1491 735 1600 767 prom-

127 754 224 793 serit,
255 755 432 797 Religionis
461 758 512 789 vel
546 764 784 803 necessitatem,
817 766 868 797 vel
898 768 1085 806 veritatem,
1117 771 1168 803 vel
1206 783 1313 805 veram
1342 777 1517 819 rationem,
1552 781 1599 812 vel

127 808 252 851 fontes,
274 811 325 843 vel
353 812 559 847 fundamenta
583 817 723 861 denique
745 827 777 851 et
791 831 925 861 causas,
947 825 1132 866 ostendere,
1152 834 1184 859 et
1205 828 1245 860 ab
1272 831 1451 866 Atheorum
1481 836 1599 880 Sophi-

125 865 281 897 smatibus
306 867 474 902 defendere
508 878 592 904 recle
626 875 749 916 possit?
793 878 875 918 Quis
899 881 1097 916 Pantlzeasmi
1114 907 1124 922 ,
1158 885 1225 918 sive
1253 891 1414 922 crassioris
1446 891 1533 925 illius
1566 901 1598 927 et

120 921 337 963 Spinozcistzcz,
359 925 426 956 sive
451 925 627 959 subtilioris
653 936 684 961 et
709 930 900 974 Ide-alumi,
927 944 983 970 aut
1002 940 1183 982 Γαιαίιίςιηί,
1202 950 1258 976 aut
1285 949 1445 989 repentis,
1467 960 1597 993 seseque

123 974 212 1007 haud
245 989 318 1010 raro
341 991 407 1012 una
437 993 512 1013 cum
547 984 687 1018 Naturae
713 988 822 1021 studio
846 992 960 1027 animis
985 995 1156 1030 hominum
1180 1000 1390 1043 insinuantis,
1418 1008 1594 1039 Materiali-

117 1035 181 1064 smi
194 1033 318 1077 laqueis
336 1045 431 1080 caput
458 1040 654 1082 subducere,
679 1044 841 1090 aliosque,
864 1057 901 1082 ut
930 1050 1062 1086 feliciter
1081 1056 1275 1100 expediant,
1301 1070 1431 1093 monere
1451 1069 1483 1094 et
1498 1063 1594 1097 doce-

118 1099 171 1127 re,
197 1090 266 1122 sine
293 1092 516 1138 Philosophiae
542 1098 666 1138 studio,
690 1103 815 1144 possit?
860 1106 928 1138 Aut
951 1111 1115 1150 quomodo
1138 1113 1238 1155 ipsius
1268 1116 1480 1150 Revelationis
1509 1122 1591 1153 veri·

115 1134 216 1178 *tatem
242 1149 285 1179 ita
307 1149 467 1184 adsertam
488 1164 557 1194 eas,
583 1162 618 1187 ut
633 1168 754 1198 omne,
774 1171 817 1192 ne
841 1163 875 1193 in
893 1165 1116 1205 Illystc'cismum
1134 1168 1255 1201 incidas
1277 1178 1331 1203 aut
1352 1175 1588 1217 Fanaukmum,

119 1204 218 1235 evites
240 1206 439 1247 periculum3
461 1209 520 1242 hac
545 1217 730 1255 praesertim
750 1222 950 1260 tempestate,
983 1233 1047 1265 qua
1068 1229 1115 1256 tot
1141 1224 1290 1259 homines
1309 1229 1476 1271 videmus,
1508 1235 1588 1267 stul-

115 1266 223 1292 torum
248 1263 362 1304 instar,
384 1265 462 1297 dum
485 1268 561 1300 vitia
588 1269 734 1313 fugiunt,
758 1273 911 1316 pedibus,
942 1278 1031 1320 quod
1054 1281 1164 1323 ajunt,
1192 1283 1229 1314 in
1257 1287 1416 1319 contraria
1442 1292 1589 1324 currere?

112 1318 176 1356 At,
208 1321 332 1360 omnia,
363 1322 486 1365 inquit,
514 1324 554 1356 ad
588 1326 701 1359 Sacrae
725 1332 949 1365 auctoritatem
976 1337 1156 1381 Scripturae
1191 1342 1463 1384 exigendazsunt.
1519 1350 1587 1381 Un-

112 1372 154 1405 de
178 1386 273 1416 vero,
306 1377 345 1409 de
370 1378 429 1412 hac
455 1386 657 1424 auctoritate,
679 1397 699 1417 o
727 1386 832 1428 bone,
863 1393 890 1422 si
918 1391 1140 1437 philosophari
1174 1397 1284 1439 nolis,
1320 1402 1362 1432 ita
1395 1404 1511 1436 certior
1540 1405 1585 1438 fa·

111 1437 182 1466 ctus
207 1443 260 1474 es,
289 1441 324 1465 ut
348 1435 399 1467 illa
415 1443 468 1469 tua
490 1444 653 1481 persuasio
671 1450 773 1475 rectae
800 1446 916 1477 rationi
944 1459 1011 1480 nou
1039 1450 1222 1495 obstrepat?
1251 1458 1323 1487 Aut
1351 1458 1459 1498 unde,
1483 1462 1545 1493 nisi
1565 1474 1584 1494 a

110 1488 258 1521 rationali
284 1491 506 1537 philosophia,
532 1506 696 1543 praecepta
723 1502 924 1534 >mutuaberis
954 1504 1190 1540 hermeneutica
1211 1517 1242 1541 et
1272 1513 1401 1553 critica,
1435 1516 1474 1548 ad
1498 1528 1581 1560 quae

107 1543 161 1577 wel
191 1545 270 1588 ipsi,
308 1549 365 1591 qui
398 1553 512 1584 merito
547 1554 634 1586 Sacri
660 1556 839 1599 habentur,
871 1559 945 1591 libri
971 1572 1124 1596 eorumve
1148 1573 1281 1608 partes,
1313 1571 1475 1604 interdum
1509 1575 1581 1607 illae

105 1600 318 1644 insigniores,
350 1612 458 1639 utrum
498 1612 611 1643 Virum
650 1625 723 1646 vere
755 1615 904 1649 divinum
942 1625 1105 1652 auctorem
1149 1622 1284 1656 habeant
1323 1637 1382 1658 nec
1422 1640 1492 1669 ne,
1526 1631 1577 1663 vel

106 1657 182 1699 quis
216 1658 342 1692 tandem
378 1662 506 1697 illorum
539 1678 650 1701 seusus
683 1672 741 1711 sit,
773 1673 858 1716 exigi
890 1677 991 1716 possit
1025 1683 1057 1707 et
1083 1677 1242 1719 judicari?
1286 1684 1465 1724 Postremo,
1503 1699 1577 1720 nam

105 1711 255 1754 pluribus
290 1717 324 1747 in
359 1720 499 1753 medium
530 1724 697 1758 afferendis
727 1738 817 1759 nune
849 1729 980 1772 quidem
1011 1733 1228 1775 supersedeo,
1261 1739 1318 1780 qui
1359 1740 1486 1774 taudem
1519 1744 1578 1777 fie-

105 1768 134 1799 ri
159 1771 283 1812 possit,
308 1779 344 1804 ut
369 1775 418 1807 vel
442 1780 672 1823 Dogmaticcce,
696 1794 778 1826 quae
802 1784 940 1826 dicitur,
966 1788 1159 1833 Tlaeologz‘ae
1185 1799 1470 1840 aptum-compta
1498 1812 1578 1834 con-

105 1827 273 1868 cinnam,
297 1830 348 1862 vel
375 1834 509 1867 Moralt's
533 1837 710 1883 leeologz'a
736 1841 942 1884 probabiliter
969 1854 1167 1889 exponatur,
1200 1850 1249 1881 vel
1275 1851 1315 1883 de
1339 1853 1501 1888 doctrinae
1521 1869 1575 1890 ve-

105 1882 198 1913 ritate
231 1891 285 1916 aut
308 1886 347 1918 de
375 1888 554 1924 officiorum
583 1896 722 1929 hominis
755 1899 931 1934 Christiani
960 1906 1165 1945 necessitate,
1188 1908 1392 1952 salubritate,
1416 1922 1576 1955 praestan-

108 1937 149 1969 tia
174 1939 317 1980 interna,
340 1943 410 1976 aliis
434 1949 682 1996 persuadeatur,
705 1965 882 2000 eorumque
906 1958 987 1991 fides
1006 1950 1214 1995 confirmetur
1233 1971 1264 1997 et
1287 1968 1386 2001 animi
1407 1969 1446 2001 ad
1468 1970 1573 2013 quod·

936 2018 965 2048 D
1530 2038 1579 2061 vis
