<?xml version="1.0" encoding="UTF-8"?>
<!DOCTYPE html PUBLIC "-//W3C//DTD XHTML 1.0 Transitional//EN"
    "http://www.w3.org/TR/xhtml1/DTD/xhtml1-transitional.dtd">
<html xmlns="http://www.w3.org/1999/xhtml" xml:lang="en" lang="en">
 <head>
  <title>
</title>
<meta http-equiv="Content-Type" content="text/html;charset=utf-8" />
  <meta name='ocr-system' content='tesseract 3.04.00' />
  <meta name='ocr-capabilities' content='ocr_page ocr_carea ocr_par ocr_line ocrx_word'/>
</head>
<body>
  <div class='ocr_page' id='page_1' title='image "annalesacademiae21rijk_0175.png"; bbox 0 0 1946 2517; ppageno 0'>
   <div class='ocr_carea' id='block_1_1' title="bbox 383 147 1615 191">
    <p class='ocr_par' dir='ltr' id='par_1_1' title="bbox 383 147 1615 191">
     <span class='ocr_line' id='line_1_1' title="bbox 383 147 1615 191; baseline 0.004 -12"><span class='ocrx_word' id='word_1_1' title='bbox 383 147 696 181; x_wconf 82' lang='lat' dir='ltr'><strong>COMMENTATIO</strong></span> <span class='ocrx_word' id='word_1_2' title='bbox 715 157 759 181; x_wconf 74' lang='lat' dir='ltr'>AD</span> <span class='ocrx_word' id='word_1_3' title='bbox 779 147 1084 189; x_wconf 80' lang='lat' dir='ltr'><strong>QUAESTIONEM</strong></span> <span class='ocrx_word' id='word_1_4' title='bbox 1102 149 1324 182; x_wconf 81' lang='lat' dir='ltr'>PHYSICAM.</span> <span class='ocrx_word' id='word_1_5' title='bbox 1578 162 1615 191; x_wconf 79' lang='lat'>19</span> 
     </span>
    </p>
   </div>
   <div class='ocr_carea' id='block_1_2' title="bbox 99 226 1623 1450">
    <p class='ocr_par' dir='ltr' id='par_1_2' title="bbox 99 226 1615 631">
     <span class='ocr_line' id='line_1_2' title="bbox 99 226 1613 272; baseline 0.001 -10"><span class='ocrx_word' id='word_1_6' title='bbox 99 231 189 265; x_wconf 68' lang='lat' dir='ltr'>hum:</span> <span class='ocrx_word' id='word_1_7' title='bbox 218 232 286 268; x_wconf 83' lang='lat' dir='ltr'>alii,</span> <span class='ocrx_word' id='word_1_8' title='bbox 315 231 359 261; x_wconf 88' lang='lat' dir='ltr'>uti</span> <span class='ocrx_word' id='word_1_9' title='bbox 383 233 557 270; x_wconf 67' lang='lat' dir='ltr'>Humerus,</span> <span class='ocrx_word' id='word_1_10' title='bbox 586 226 837 271; x_wconf 73' lang='lat' dir='ltr'>Bolmenbergerus</span> <span class='ocrx_word' id='word_1_11' title='bbox 858 232 901 270; x_wconf 89' lang='lat'>(1</span> <span class='ocrx_word' id='word_1_12' title='bbox 916 232 952 270; x_wconf 86' lang='grc'>),</span> <span class='ocrx_word' id='word_1_13' title='bbox 979 231 1153 264; x_wconf 71' lang='grc' dir='ltr'><em>,ΒοΙΙοηᾶἱω</em></span> <span class='ocrx_word' id='word_1_14' title='bbox 1171 240 1200 263; x_wconf 84' lang='lat' dir='ltr'>et</span> <span class='ocrx_word' id='word_1_15' title='bbox 1220 233 1245 262; x_wconf 87' lang='grc' dir='ltr'><em>Τ</em></span> <span class='ocrx_word' id='word_1_16' title='bbox 1244 233 1399 263; x_wconf 69' lang='lat' dir='ltr'>rechselius</span> <span class='ocrx_word' id='word_1_17' title='bbox 1418 233 1436 272; x_wconf 86' lang='grc'>(</span> <span class='ocrx_word' id='word_1_18' title='bbox 1443 234 1509 272; x_wconf 83' lang='lat'>2),</span> <span class='ocrx_word' id='word_1_19' title='bbox 1539 235 1613 265; x_wconf 83' lang='lat' dir='ltr'>illud</span> 
     </span>
     <span class='ocr_line' id='line_1_3' title="bbox 103 284 1614 323; baseline -0.002 -8"><span class='ocrx_word' id='word_1_20' title='bbox 103 291 217 323; x_wconf 76' lang='lat' dir='ltr'>ponunt</span> <span class='ocrx_word' id='word_1_21' title='bbox 234 286 315 323; x_wconf 80' lang='lat' dir='ltr'>juxta</span> <span class='ocrx_word' id='word_1_22' title='bbox 334 285 417 314; x_wconf 86' lang='lat' dir='ltr'>imam</span> <span class='ocrx_word' id='word_1_23' title='bbox 434 286 498 314; x_wconf 86' lang='lat' dir='ltr'>tubi</span> <span class='ocrx_word' id='word_1_24' title='bbox 518 294 647 323; x_wconf 87' lang='lat' dir='ltr'>partem,</span> <span class='ocrx_word' id='word_1_25' title='bbox 670 286 706 315; x_wconf 89' lang='lat' dir='ltr'>ita</span> <span class='ocrx_word' id='word_1_26' title='bbox 730 291 763 313; x_wconf 93' lang='lat' dir='ltr'>ut</span> <span class='ocrx_word' id='word_1_27' title='bbox 783 285 846 322; x_wconf 83' lang='lat' dir='ltr'>ejus</span> <span class='ocrx_word' id='word_1_28' title='bbox 870 284 1033 314; x_wconf 80' lang='lat' dir='ltr'>extremitas</span> <span class='ocrx_word' id='word_1_29' title='bbox 1054 284 1174 314; x_wconf 91' lang='lat' dir='ltr'>inferior</span> <span class='ocrx_word' id='word_1_30' title='bbox 1191 285 1349 315; x_wconf 88' lang='lat' dir='ltr'>orbiculata</span> <span class='ocrx_word' id='word_1_31' title='bbox 1370 285 1400 315; x_wconf 84' lang='lat' dir='ltr'>in</span> <span class='ocrx_word' id='word_1_32' title='bbox 1419 285 1508 322; x_wconf 81' lang='lat' dir='ltr'>ipsam</span> <span class='ocrx_word' id='word_1_33' title='bbox 1526 287 1614 323; x_wconf 81' lang='lat' dir='ltr'>pyxi-</span> 
     </span>
     <span class='ocr_line' id='line_1_4' title="bbox 103 337 1614 390; baseline 0 -23"><span class='ocrx_word' id='word_1_34' title='bbox 103 339 165 368; x_wconf 79' lang='lat' dir='ltr'>dem</span> <span class='ocrx_word' id='word_1_35' title='bbox 189 338 383 374; x_wconf 79' lang='lat' dir='ltr'>immergatur.</span> <span class='ocrx_word' id='word_1_36' title='bbox 434 338 533 373; x_wconf 84' lang='lat' dir='ltr'>Atque</span> <span class='ocrx_word' id='word_1_37' title='bbox 561 338 609 365; x_wconf 86' lang='lat' dir='ltr'>hic</span> <span class='ocrx_word' id='word_1_38' title='bbox 636 337 720 366; x_wconf 88' lang='lat' dir='ltr'>locus</span> <span class='ocrx_word' id='word_1_39' title='bbox 753 343 828 365; x_wconf 88' lang='lat' dir='ltr'>certe</span> <span class='ocrx_word' id='word_1_40' title='bbox 851 337 881 366; x_wconf 85' lang='lat' dir='ltr'>in</span> <span class='ocrx_word' id='word_1_41' title='bbox 910 337 1078 390; x_wconf 50' lang='lat' dir='ltr'>baroqetris</span> <span class='ocrx_word' id='word_1_42' title='bbox 1110 338 1217 375; x_wconf 81' lang='lat' dir='ltr'>pyxide</span> <span class='ocrx_word' id='word_1_43' title='bbox 1241 337 1392 367; x_wconf 84' lang='lat' dir='ltr'>instructis</span> <span class='ocrx_word' id='word_1_44' title='bbox 1426 337 1512 366; x_wconf 87' lang='lat' dir='ltr'>unice</span> <span class='ocrx_word' id='word_1_45' title='bbox 1543 346 1614 367; x_wconf 89' lang='lat' dir='ltr'>con-</span> 
     </span>
     <span class='ocr_line' id='line_1_5' title="bbox 104 387 1615 428; baseline -0.002 -8"><span class='ocrx_word' id='word_1_46' title='bbox 104 399 209 428; x_wconf 86' lang='lat' dir='ltr'>gruens</span> <span class='ocrx_word' id='word_1_47' title='bbox 229 397 294 419; x_wconf 80' lang='lat' dir='ltr'>est:</span> <span class='ocrx_word' id='word_1_48' title='bbox 315 397 380 417; x_wconf 87' lang='lat' dir='ltr'>nam</span> <span class='ocrx_word' id='word_1_49' title='bbox 404 396 492 424; x_wconf 89' lang='lat' dir='ltr'>quum</span> <span class='ocrx_word' id='word_1_50' title='bbox 517 388 586 417; x_wconf 84' lang='lat' dir='ltr'>alias</span> <span class='ocrx_word' id='word_1_51' title='bbox 606 396 690 424; x_wconf 83' lang='lat' dir='ltr'>saepe</span> <span class='ocrx_word' id='word_1_52' title='bbox 716 387 948 418; x_wconf 86' lang='lat' dir='ltr'>thermometrum</span> <span class='ocrx_word' id='word_1_53' title='bbox 964 391 1022 427; x_wconf 77' lang='lat' dir='ltr'>J&#39;am</span> <span class='ocrx_word' id='word_1_54' title='bbox 1046 389 1152 426; x_wconf 89' lang='lat' dir='ltr'>recepit</span> <span class='ocrx_word' id='word_1_55' title='bbox 1169 389 1315 424; x_wconf 82' lang='lat' dir='ltr'>calorem,</span> <span class='ocrx_word' id='word_1_56' title='bbox 1338 388 1389 425; x_wconf 90' lang='lat' dir='ltr'>qui</span> <span class='ocrx_word' id='word_1_57' title='bbox 1410 389 1539 418; x_wconf 89' lang='lat' dir='ltr'>nondum</span> <span class='ocrx_word' id='word_1_58' title='bbox 1564 397 1615 425; x_wconf 88' lang='lat' dir='ltr'>per</span> 
     </span>
     <span class='ocr_line' id='line_1_6' title="bbox 103 439 1615 477; baseline -0.002 -6"><span class='ocrx_word' id='word_1_59' title='bbox 103 442 231 472; x_wconf 72' lang='lat' dir='ltr'>crassius</span> <span class='ocrx_word' id='word_1_60' title='bbox 258 440 352 477; x_wconf 87' lang='lat' dir='ltr'>ipsius</span> <span class='ocrx_word' id='word_1_61' title='bbox 382 439 535 474; x_wconf 86' lang='lat' dir='ltr'>barometri</span> <span class='ocrx_word' id='word_1_62' title='bbox 559 439 664 472; x_wconf 88' lang='lat' dir='ltr'>vitrum</span> <span class='ocrx_word' id='word_1_63' title='bbox 690 446 835 477; x_wconf 87' lang='lat' dir='ltr'>penetrare</span> <span class='ocrx_word' id='word_1_64' title='bbox 855 440 970 476; x_wconf 86' lang='lat' dir='ltr'>potuit,</span> <span class='ocrx_word' id='word_1_65' title='bbox 996 447 1098 470; x_wconf 85' lang='lat' dir='ltr'>contra</span> <span class='ocrx_word' id='word_1_66' title='bbox 1126 441 1328 470; x_wconf 84' lang='lat' dir='ltr'>thermometro</span> <span class='ocrx_word' id='word_1_67' title='bbox 1348 439 1378 471; x_wconf 84' lang='lat' dir='ltr'>in</span> <span class='ocrx_word' id='word_1_68' title='bbox 1403 439 1511 477; x_wconf 86' lang='lat' dir='ltr'>pyxide</span> <span class='ocrx_word' id='word_1_69' title='bbox 1531 439 1615 469; x_wconf 87' lang='lat' dir='ltr'>baro-</span> 
     </span>
     <span class='ocr_line' id='line_1_7' title="bbox 104 491 1611 528; baseline -0.001 -8"><span class='ocrx_word' id='word_1_70' title='bbox 104 493 187 521; x_wconf 86' lang='lat' dir='ltr'>metri</span> <span class='ocrx_word' id='word_1_71' title='bbox 213 491 313 528; x_wconf 90' lang='lat' dir='ltr'>posito</span> <span class='ocrx_word' id='word_1_72' title='bbox 338 491 417 520; x_wconf 86' lang='lat' dir='ltr'>calor</span> <span class='ocrx_word' id='word_1_73' title='bbox 441 499 501 520; x_wconf 88' lang='lat' dir='ltr'>non</span> <span class='ocrx_word' id='word_1_74' title='bbox 526 497 589 519; x_wconf 89' lang='lat' dir='ltr'>ante</span> <span class='ocrx_word' id='word_1_75' title='bbox 619 491 655 519; x_wconf 91' lang='lat' dir='ltr'>ad</span> <span class='ocrx_word' id='word_1_76' title='bbox 685 491 881 520; x_wconf 90' lang='lat' dir='ltr'>thermometri</span> <span class='ocrx_word' id='word_1_77' title='bbox 915 492 1011 520; x_wconf 87' lang='lat' dir='ltr'>orbem</span> <span class='ocrx_word' id='word_1_78' title='bbox 1045 492 1212 527; x_wconf 86' lang='lat' dir='ltr'>perveniet,</span> <span class='ocrx_word' id='word_1_79' title='bbox 1240 499 1325 528; x_wconf 86' lang='lat' dir='ltr'>quam</span> <span class='ocrx_word' id='word_1_80' title='bbox 1360 492 1553 526; x_wconf 90' lang='lat' dir='ltr'>mercurium,</span> <span class='ocrx_word' id='word_1_81' title='bbox 1581 491 1611 520; x_wconf 88' lang='lat' dir='ltr'>in</span> 
     </span>
     <span class='ocr_line' id='line_1_8' title="bbox 102 541 1615 581; baseline -0.001 -8"><span class='ocrx_word' id='word_1_82' title='bbox 102 543 210 581; x_wconf 79' lang='lat' dir='ltr'>pyxide</span> <span class='ocrx_word' id='word_1_83' title='bbox 234 548 425 578; x_wconf 88' lang='lat' dir='ltr'>contentum,</span> <span class='ocrx_word' id='word_1_84' title='bbox 453 542 658 578; x_wconf 81' lang='lat' dir='ltr'>permeaverit‚</span> <span class='ocrx_word' id='word_1_85' title='bbox 689 549 721 572; x_wconf 88' lang='lat' dir='ltr'>ut</span> <span class='ocrx_word' id='word_1_86' title='bbox 746 543 909 573; x_wconf 79' lang='lat' dir='ltr'>necessario</span> <span class='ocrx_word' id='word_1_87' title='bbox 932 542 978 572; x_wconf 86' lang='lat' dir='ltr'>hie</span> <span class='ocrx_word' id='word_1_88' title='bbox 1003 541 1162 572; x_wconf 88' lang='lat' dir='ltr'>mercurius</span> <span class='ocrx_word' id='word_1_89' title='bbox 1189 542 1248 580; x_wconf 80' lang='lat' dir='ltr'>jam</span> <span class='ocrx_word' id='word_1_90' title='bbox 1274 551 1337 572; x_wconf 86' lang='lat' dir='ltr'>eum</span> <span class='ocrx_word' id='word_1_91' title='bbox 1358 543 1481 572; x_wconf 86' lang='lat' dir='ltr'>calorem</span> <span class='ocrx_word' id='word_1_92' title='bbox 1502 549 1615 579; x_wconf 81' lang='lat' dir='ltr'>recepe-</span> 
     </span>
     <span class='ocr_line' id='line_1_9' title="bbox 102 592 667 631; baseline -0.002 -7"><span class='ocrx_word' id='word_1_93' title='bbox 102 594 160 631; x_wconf 80' lang='lat' dir='ltr'>rit,</span> <span class='ocrx_word' id='word_1_94' title='bbox 182 602 267 630; x_wconf 90' lang='lat' dir='ltr'>quem</span> <span class='ocrx_word' id='word_1_95' title='bbox 291 592 398 622; x_wconf 91' lang='lat' dir='ltr'>indicat</span> <span class='ocrx_word' id='word_1_96' title='bbox 419 593 667 623; x_wconf 86' lang='lat' dir='ltr'>thermometrum.</span> 
     </span>
    </p>

    <p class='ocr_par' dir='ltr' id='par_1_3' title="bbox 101 643 1623 1450">
     <span class='ocr_line' id='line_1_10' title="bbox 142 643 1615 682; baseline 0 -8"><span class='ocrx_word' id='word_1_97' title='bbox 142 645 302 675; x_wconf 81' lang='lat' dir='ltr'>Observata</span> <span class='ocrx_word' id='word_1_98' title='bbox 332 643 422 679; x_wconf 86' lang='lat' dir='ltr'>igitur</span> <span class='ocrx_word' id='word_1_99' title='bbox 445 644 532 682; x_wconf 84' lang='lat' dir='ltr'>hujus</span> <span class='ocrx_word' id='word_1_100' title='bbox 561 644 754 673; x_wconf 79' lang='lat' dir='ltr'>thermometti</span> <span class='ocrx_word' id='word_1_101' title='bbox 782 645 1053 682; x_wconf 72' lang='lat' dir='ltr'>opetemperatura</span> <span class='ocrx_word' id='word_1_102' title='bbox 1079 645 1255 680; x_wconf 75' lang='lat' dir='ltr'>baronetti,</span> <span class='ocrx_word' id='word_1_103' title='bbox 1286 645 1321 675; x_wconf 82' lang='lat' dir='ltr'>nd</span> <span class='ocrx_word' id='word_1_104' title='bbox 1347 646 1533 675; x_wconf 83' lang='lat' dir='ltr'>reducendam</span> <span class='ocrx_word' id='word_1_105' title='bbox 1563 645 1615 674; x_wconf 87' lang='lat' dir='ltr'>ob·</span> 
     </span>
     <span class='ocr_line' id='line_1_11' title="bbox 103 694 1617 734; baseline -0.002 -8"><span class='ocrx_word' id='word_1_106' title='bbox 103 702 242 727; x_wconf 81' lang='lat' dir='ltr'>servatam</span> <span class='ocrx_word' id='word_1_107' title='bbox 267 694 418 724; x_wconf 86' lang='lat' dir='ltr'>barometri</span> <span class='ocrx_word' id='word_1_108' title='bbox 443 694 625 725; x_wconf 85' lang='lat' dir='ltr'>altitudinem</span> <span class='ocrx_word' id='word_1_109' title='bbox 649 697 687 726; x_wconf 81' lang='lat' dir='ltr'>ad</span> <span class='ocrx_word' id='word_1_110' title='bbox 711 698 993 733; x_wconf 62' lang='lat' dir='ltr'>certun1„quendam</span> <span class='ocrx_word' id='word_1_111' title='bbox 1024 697 1128 727; x_wconf 87' lang='lat' dir='ltr'>caloris</span> <span class='ocrx_word' id='word_1_112' title='bbox 1163 697 1280 734; x_wconf 84' lang='lat' dir='ltr'>gradum</span> <span class='ocrx_word' id='word_1_113' title='bbox 1311 703 1420 727; x_wconf 84' lang='lat' dir='ltr'>tantum</span> <span class='ocrx_word' id='word_1_114' title='bbox 1449 705 1524 733; x_wconf 89' lang='lat' dir='ltr'>opus</span> <span class='ocrx_word' id='word_1_115' title='bbox 1549 703 1617 731; x_wconf 84' lang='lat' dir='ltr'>est,</span> 
     </span>
     <span class='ocr_line' id='line_1_12' title="bbox 101 746 1617 785; baseline -0.002 -7"><span class='ocrx_word' id='word_1_116' title='bbox 101 755 135 778; x_wconf 85' lang='lat' dir='ltr'>ut</span> <span class='ocrx_word' id='word_1_117' title='bbox 159 747 309 785; x_wconf 89' lang='lat' dir='ltr'>cognitum</span> <span class='ocrx_word' id='word_1_118' title='bbox 335 746 394 782; x_wconf 88' lang='lat' dir='ltr'>sit,</span> <span class='ocrx_word' id='word_1_119' title='bbox 417 752 557 782; x_wconf 87' lang='lat' dir='ltr'>quantum</span> <span class='ocrx_word' id='word_1_120' title='bbox 579 747 714 776; x_wconf 83' lang='lat' dir='ltr'>dilatetur</span> <span class='ocrx_word' id='word_1_121' title='bbox 734 747 893 776; x_wconf 84' lang='lat' dir='ltr'>mercurius</span> <span class='ocrx_word' id='word_1_122' title='bbox 909 755 965 784; x_wconf 86' lang='lat' dir='ltr'>pro</span> <span class='ocrx_word' id='word_1_123' title='bbox 991 747 1115 784; x_wconf 85' lang='lat' dir='ltr'>singulis</span> <span class='ocrx_word' id='word_1_124' title='bbox 1141 748 1335 776; x_wconf 87' lang='lat' dir='ltr'>thermometri</span> <span class='ocrx_word' id='word_1_125' title='bbox 1366 748 1517 784; x_wconf 86' lang='lat' dir='ltr'>gradibus.</span> <span class='ocrx_word' id='word_1_126' title='bbox 1555 746 1617 775; x_wconf 88' lang='lat' dir='ltr'>Pri-</span> 
     </span>
     <span class='ocr_line' id='line_1_13' title="bbox 102 796 1618 834; baseline -0.003 -5"><span class='ocrx_word' id='word_1_127' title='bbox 102 807 167 829; x_wconf 87' lang='lat' dir='ltr'>mus</span> <span class='ocrx_word' id='word_1_128' title='bbox 194 798 252 827; x_wconf 87' lang='lat' dir='ltr'>fuit</span> <span class='ocrx_word' id='word_1_129' title='bbox 274 797 499 833; x_wconf 79' lang='lat' dir='ltr'>Amontonsius,</span> <span class='ocrx_word' id='word_1_130' title='bbox 520 796 572 833; x_wconf 86' lang='lat' dir='ltr'>qui</span> <span class='ocrx_word' id='word_1_131' title='bbox 595 797 699 826; x_wconf 84' lang='lat' dir='ltr'>caloris</span> <span class='ocrx_word' id='word_1_132' title='bbox 727 798 786 826; x_wconf 90' lang='lat' dir='ltr'>vim</span> <span class='ocrx_word' id='word_1_133' title='bbox 816 798 846 827; x_wconf 87' lang='lat' dir='ltr'>in</span> <span class='ocrx_word' id='word_1_134' title='bbox 873 798 1026 827; x_wconf 86' lang='lat' dir='ltr'>barometri</span> <span class='ocrx_word' id='word_1_135' title='bbox 1048 798 1227 827; x_wconf 82' lang='lat' dir='ltr'>altitudinem</span> <span class='ocrx_word' id='word_1_136' title='bbox 1254 799 1473 828; x_wconf 85' lang='lat' dir='ltr'>animadvertit:</span> <span class='ocrx_word' id='word_1_137' title='bbox 1497 798 1544 827; x_wconf 88' lang='lat' dir='ltr'>hic</span> <span class='ocrx_word' id='word_1_138' title='bbox 1563 806 1618 834; x_wconf 89' lang='lat' dir='ltr'>pu-</span> 
     </span>
     <span class='ocr_line' id='line_1_14' title="bbox 102 847 1614 887; baseline -0.002 -7"><span class='ocrx_word' id='word_1_139' title='bbox 102 850 182 880; x_wconf 87' lang='lat' dir='ltr'>tabat</span> <span class='ocrx_word' id='word_1_140' title='bbox 208 848 380 878; x_wconf 86' lang='lat' dir='ltr'>mercurium</span> <span class='ocrx_word' id='word_1_141' title='bbox 402 847 467 876; x_wconf 87' lang='lat' dir='ltr'>inde</span> <span class='ocrx_word' id='word_1_142' title='bbox 494 857 509 876; x_wconf 92' lang='lat' dir='ltr'>a</span> <span class='ocrx_word' id='word_1_143' title='bbox 535 848 661 877; x_wconf 82' lang='lat' dir='ltr'>maximo</span> <span class='ocrx_word' id='word_1_144' title='bbox 679 848 786 884; x_wconf 85' lang='lat' dir='ltr'>frigore</span> <span class='ocrx_word' id='word_1_145' title='bbox 804 849 839 877; x_wconf 83' lang='lat' dir='ltr'>ad</span> <span class='ocrx_word' id='word_1_146' title='bbox 865 857 1012 878; x_wconf 87' lang='lat' dir='ltr'>summum</span> <span class='ocrx_word' id='word_1_147' title='bbox 1037 855 1149 879; x_wconf 83' lang='lat' dir='ltr'>aestum</span> <span class='ocrx_word' id='word_1_148' title='bbox 1176 849 1287 877; x_wconf 90' lang='lat' dir='ltr'>dilatari</span> <span class='ocrx_word' id='word_1_149' title='bbox 1319 855 1404 887; x_wconf 76' lang='lat'><strong>115111·</strong></span> <span class='ocrx_word' id='word_1_150' title='bbox 1431 855 1509 885; x_wconf 84' lang='lat' dir='ltr'>parte</span> <span class='ocrx_word' id='word_1_151' title='bbox 1530 849 1614 886; x_wconf 83' lang='lat'>(3):</span> 
     </span>
     <span class='ocr_line' id='line_1_15' title="bbox 104 899 1622 937; baseline -0.001 -8"><span class='ocrx_word' id='word_1_152' title='bbox 104 901 154 930; x_wconf 86' lang='lat' dir='ltr'>alii</span> <span class='ocrx_word' id='word_1_153' title='bbox 169 901 303 937; x_wconf 84' lang='lat' dir='ltr'>majorem</span> <span class='ocrx_word' id='word_1_154' title='bbox 326 900 372 928; x_wconf 84' lang='lat' dir='ltr'>vel</span> <span class='ocrx_word' id='word_1_155' title='bbox 394 899 532 929; x_wconf 87' lang='lat' dir='ltr'>minorem</span> <span class='ocrx_word' id='word_1_156' title='bbox 560 904 725 927; x_wconf 79' lang='lat' dir='ltr'>sumserunt</span> <span class='ocrx_word' id='word_1_157' title='bbox 753 899 825 928; x_wconf 86' lang='lat' dir='ltr'>hanc</span> <span class='ocrx_word' id='word_1_158' title='bbox 843 899 1058 930; x_wconf 80' lang='lat' dir='ltr'>dilatationem:</span> <span class='ocrx_word' id='word_1_159' title='bbox 1079 900 1200 937; x_wconf 90' lang='lat' dir='ltr'>plurimi</span> <span class='ocrx_word' id='word_1_160' title='bbox 1219 906 1312 929; x_wconf 87' lang='lat' dir='ltr'>tamen</span> <span class='ocrx_word' id='word_1_161' title='bbox 1332 909 1392 930; x_wconf 91' lang='lat' dir='ltr'>non</span> <span class='ocrx_word' id='word_1_162' title='bbox 1417 901 1503 936; x_wconf 85' lang='lat' dir='ltr'>longe</span> <span class='ocrx_word' id='word_1_163' title='bbox 1528 899 1622 928; x_wconf 88' lang='lat' dir='ltr'>disce·</span> 
     </span>
     <span class='ocr_line' id='line_1_16' title="bbox 105 949 1623 987; baseline -0.001 -6"><span class='ocrx_word' id='word_1_164' title='bbox 105 951 179 981; x_wconf 87' lang='lat' dir='ltr'>dunt</span> <span class='ocrx_word' id='word_1_165' title='bbox 195 960 211 980; x_wconf 88' lang='lat' dir='ltr'>a</span> <span class='ocrx_word' id='word_1_166' title='bbox 229 950 278 979; x_wconf 76' lang='lat' dir='ltr'>Dc</span> <span class='ocrx_word' id='word_1_167' title='bbox 299 951 411 986; x_wconf 80' lang='lat' dir='ltr'>Lucio,</span> <span class='ocrx_word' id='word_1_168' title='bbox 434 950 485 986; x_wconf 88' lang='lat' dir='ltr'>qui</span> <span class='ocrx_word' id='word_1_169' title='bbox 511 949 633 986; x_wconf 86' lang='lat' dir='ltr'>posuit,</span> <span class='ocrx_word' id='word_1_170' title='bbox 655 949 826 979; x_wconf 87' lang='lat' dir='ltr'>mercurium</span> <span class='ocrx_word' id='word_1_171' title='bbox 850 950 880 979; x_wconf 89' lang='lat' dir='ltr'>in</span> <span class='ocrx_word' id='word_1_172' title='bbox 902 950 1085 987; x_wconf 84' lang='lat' dir='ltr'>barometro,</span> <span class='ocrx_word' id='word_1_173' title='bbox 1107 951 1223 987; x_wconf 88' lang='lat' dir='ltr'>quando</span> <span class='ocrx_word' id='word_1_174' title='bbox 1240 952 1275 980; x_wconf 88' lang='lat' dir='ltr'>ad</span> <span class='ocrx_word' id='word_1_175' title='bbox 1296 951 1476 980; x_wconf 85' lang='lat' dir='ltr'>altitudinem</span> <span class='ocrx_word' id='word_1_176' title='bbox 1497 958 1535 986; x_wconf 80' lang='lat'>27</span> <span class='ocrx_word' id='word_1_177' title='bbox 1557 950 1623 986; x_wconf 83' lang='lat' dir='ltr'>pol-</span> 
     </span>
     <span class='ocr_line' id='line_1_17' title="bbox 104 999 1620 1039; baseline -0.003 -7"><span class='ocrx_word' id='word_1_178' title='bbox 104 1002 195 1032; x_wconf 88' lang='lat' dir='ltr'>licum</span> <span class='ocrx_word' id='word_1_179' title='bbox 214 1007 276 1039; x_wconf 86' lang='lat' dir='ltr'>est,</span> <span class='ocrx_word' id='word_1_180' title='bbox 297 1001 363 1030; x_wconf 83' lang='lat' dir='ltr'>inde</span> <span class='ocrx_word' id='word_1_181' title='bbox 383 1009 400 1030; x_wconf 87' lang='lat' dir='ltr'>a</span> <span class='ocrx_word' id='word_1_182' title='bbox 416 1006 527 1037; x_wconf 88' lang='lat' dir='ltr'>puncto</span> <span class='ocrx_word' id='word_1_183' title='bbox 552 999 655 1038; x_wconf 84' lang='lat' dir='ltr'>glaciei</span> <span class='ocrx_word' id='word_1_184' title='bbox 677 1000 867 1036; x_wconf 88' lang='lat' dir='ltr'>liquescentis</span> <span class='ocrx_word' id='word_1_185' title='bbox 887 1010 981 1039; x_wconf 88' lang='lat' dir='ltr'>usque</span> <span class='ocrx_word' id='word_1_186' title='bbox 996 1001 1032 1031; x_wconf 89' lang='lat' dir='ltr'>ad</span> <span class='ocrx_word' id='word_1_187' title='bbox 1049 1010 1140 1038; x_wconf 89' lang='lat' dir='ltr'>aquae</span> <span class='ocrx_word' id='word_1_188' title='bbox 1164 1002 1329 1031; x_wconf 88' lang='lat' dir='ltr'>ebullientis</span> <span class='ocrx_word' id='word_1_189' title='bbox 1349 1002 1460 1031; x_wconf 86' lang='lat' dir='ltr'>dilatari</span> <span class='ocrx_word' id='word_1_190' title='bbox 1479 1003 1496 1030; x_wconf 90' lang='lat'><em>6</em></span> <span class='ocrx_word' id='word_1_191' title='bbox 1516 1000 1620 1035; x_wconf 87' lang='lat' dir='ltr'>lineis,</span> 
     </span>
     <span class='ocr_line' id='line_1_18' title="bbox 101 1051 1620 1091; baseline -0.003 -7"><span class='ocrx_word' id='word_1_192' title='bbox 101 1054 159 1084; x_wconf 88' lang='lat' dir='ltr'>hoc</span> <span class='ocrx_word' id='word_1_193' title='bbox 183 1059 250 1089; x_wconf 86' lang='lat' dir='ltr'>est,</span> <span class='ocrx_word' id='word_1_194' title='bbox 269 1056 329 1091; x_wconf 65' lang='lat'>54⁸⁸</span> <span class='ocrx_word' id='word_1_195' title='bbox 349 1058 447 1089; x_wconf 81' lang='lat' dir='ltr'>parte,</span> <span class='ocrx_word' id='word_1_196' title='bbox 474 1059 562 1088; x_wconf 84' lang='lat' dir='ltr'>atque</span> <span class='ocrx_word' id='word_1_197' title='bbox 584 1052 652 1080; x_wconf 87' lang='lat' dir='ltr'>huic</span> <span class='ocrx_word' id='word_1_198' title='bbox 672 1051 861 1082; x_wconf 83' lang='lat' dir='ltr'>fundamento</span> <span class='ocrx_word' id='word_1_199' title='bbox 887 1053 1084 1090; x_wconf 85' lang='lat' dir='ltr'>superstruxit</span> <span class='ocrx_word' id='word_1_200' title='bbox 1108 1053 1214 1083; x_wconf 88' lang='lat' dir='ltr'>scalam</span> <span class='ocrx_word' id='word_1_201' title='bbox 1239 1053 1515 1087; x_wconf 88' lang='lat' dir='ltr'>thermometricam,</span> <span class='ocrx_word' id='word_1_202' title='bbox 1548 1059 1620 1088; x_wconf 85' lang='lat' dir='ltr'>quae</span> 
     </span>
     <span class='ocr_line' id='line_1_19' title="bbox 104 1102 1618 1140; baseline -0.003 -6"><span class='ocrx_word' id='word_1_203' title='bbox 104 1104 201 1135; x_wconf 85' lang='lat' dir='ltr'>statim</span> <span class='ocrx_word' id='word_1_204' title='bbox 227 1103 393 1138; x_wconf 83' lang='lat' dir='ltr'>indicabat,</span> <span class='ocrx_word' id='word_1_205' title='bbox 415 1108 488 1138; x_wconf 89' lang='lat' dir='ltr'>quot</span> <span class='ocrx_word' id='word_1_206' title='bbox 506 1102 631 1131; x_wconf 83' lang='lat' dir='ltr'>decimae</span> <span class='ocrx_word' id='word_1_207' title='bbox 656 1108 753 1131; x_wconf 82' lang='lat' dir='ltr'>sextae</span> <span class='ocrx_word' id='word_1_208' title='bbox 774 1103 863 1133; x_wconf 80' lang='lat' dir='ltr'>lineae</span> <span class='ocrx_word' id='word_1_209' title='bbox 886 1110 984 1140; x_wconf 86' lang='lat' dir='ltr'>partes</span> <span class='ocrx_word' id='word_1_210' title='bbox 1004 1111 1058 1140; x_wconf 89' lang='lat' dir='ltr'>pro</span> <span class='ocrx_word' id='word_1_211' title='bbox 1082 1104 1186 1140; x_wconf 89' lang='lat' dir='ltr'>quavis</span> <span class='ocrx_word' id='word_1_212' title='bbox 1210 1103 1364 1133; x_wconf 86' lang='lat' dir='ltr'>altitudine</span> <span class='ocrx_word' id='word_1_213' title='bbox 1388 1110 1417 1132; x_wconf 88' lang='lat' dir='ltr'>et</span> <span class='ocrx_word' id='word_1_214' title='bbox 1440 1109 1618 1139; x_wconf 85' lang='lat' dir='ltr'>unaquoque</span> 
     </span>
     <span class='ocr_line' id='line_1_20' title="bbox 103 1153 1623 1192; baseline -0.002 -7"><span class='ocrx_word' id='word_1_215' title='bbox 103 1154 209 1186; x_wconf 77' lang='lat' dir='ltr'>caloris</span> <span class='ocrx_word' id='word_1_216' title='bbox 230 1154 320 1192; x_wconf 86' lang='lat' dir='ltr'>gradu</span> <span class='ocrx_word' id='word_1_217' title='bbox 344 1153 487 1184; x_wconf 82' lang='lat' dir='ltr'>addendae</span> <span class='ocrx_word' id='word_1_218' title='bbox 508 1154 554 1183; x_wconf 83' lang='lat' dir='ltr'>vel</span> <span class='ocrx_word' id='word_1_219' title='bbox 577 1154 728 1183; x_wconf 84' lang='lat' dir='ltr'>demendae</span> <span class='ocrx_word' id='word_1_220' title='bbox 752 1160 869 1190; x_wconf 83' lang='lat' dir='ltr'>essent,</span> <span class='ocrx_word' id='word_1_221' title='bbox 898 1161 932 1184; x_wconf 92' lang='lat' dir='ltr'>ut</span> <span class='ocrx_word' id='word_1_222' title='bbox 957 1154 1141 1184; x_wconf 86' lang='lat' dir='ltr'>reduceretur</span> <span class='ocrx_word' id='word_1_223' title='bbox 1166 1154 1317 1185; x_wconf 89' lang='lat' dir='ltr'>observata</span> <span class='ocrx_word' id='word_1_224' title='bbox 1342 1154 1467 1183; x_wconf 85' lang='lat' dir='ltr'>altitudo</span> <span class='ocrx_word' id='word_1_225' title='bbox 1495 1153 1530 1183; x_wconf 90' lang='lat' dir='ltr'>ad</span> <span class='ocrx_word' id='word_1_226' title='bbox 1553 1153 1623 1183; x_wconf 81' lang='lat' dir='ltr'>defi-</span> 
     </span>
     <span class='ocr_line' id='line_1_21' title="bbox 101 1205 1619 1242; baseline -0.002 -6"><span class='ocrx_word' id='word_1_227' title='bbox 101 1206 192 1237; x_wconf 84' lang='lat' dir='ltr'>nitam</span> <span class='ocrx_word' id='word_1_228' title='bbox 218 1211 460 1242; x_wconf 85' lang='lat' dir='ltr'>temperaturam,</span> <span class='ocrx_word' id='word_1_229' title='bbox 490 1212 544 1241; x_wconf 89' lang='lat' dir='ltr'>pro</span> <span class='ocrx_word' id='word_1_230' title='bbox 572 1213 629 1242; x_wconf 89' lang='lat' dir='ltr'>qua</span> <span class='ocrx_word' id='word_1_231' title='bbox 653 1206 832 1235; x_wconf 88' lang='lat' dir='ltr'>adsumserat</span> <span class='ocrx_word' id='word_1_232' title='bbox 856 1205 999 1235; x_wconf 86' lang='lat' dir='ltr'>decimum</span> <span class='ocrx_word' id='word_1_233' title='bbox 1027 1205 1225 1236; x_wconf 87' lang='lat' dir='ltr'>thermometri</span> <span class='ocrx_word' id='word_1_234' title='bbox 1257 1205 1460 1235; x_wconf 87' lang='lat' dir='ltr'>Reaumuriani</span> <span class='ocrx_word' id='word_1_235' title='bbox 1487 1205 1619 1242; x_wconf 86' lang='lat' dir='ltr'>gradum.</span> 
     </span>
     <span class='ocr_line' id='line_1_22' title="bbox 103 1256 1622 1294; baseline -0.002 -7"><span class='ocrx_word' id='word_1_236' title='bbox 103 1256 200 1287; x_wconf 89' lang='lat' dir='ltr'>Patuit</span> <span class='ocrx_word' id='word_1_237' title='bbox 230 1263 326 1286; x_wconf 88' lang='lat' dir='ltr'>tamen</span> <span class='ocrx_word' id='word_1_238' title='bbox 349 1264 386 1286; x_wconf 81' lang='lat' dir='ltr'>ex</span> <span class='ocrx_word' id='word_1_239' title='bbox 407 1256 633 1286; x_wconf 83' lang='lat' dir='ltr'>accuratissimis</span> <span class='ocrx_word' id='word_1_240' title='bbox 657 1256 859 1293; x_wconf 82' lang='lat' dir='ltr'>experimentis</span> <span class='ocrx_word' id='word_1_241' title='bbox 887 1257 1051 1294; x_wconf 87' lang='lat' dir='ltr'>nuperrime</span> <span class='ocrx_word' id='word_1_242' title='bbox 1082 1257 1170 1287; x_wconf 85' lang='lat' dir='ltr'>factis</span> <span class='ocrx_word' id='word_1_243' title='bbox 1196 1267 1211 1288; x_wconf 88' lang='lat' dir='ltr'>a</span> <span class='ocrx_word' id='word_1_244' title='bbox 1245 1257 1340 1293; x_wconf 85' lang='lat' dir='ltr'>viris,</span> <span class='ocrx_word' id='word_1_245' title='bbox 1369 1257 1400 1286; x_wconf 90' lang='lat' dir='ltr'>in</span> <span class='ocrx_word' id='word_1_246' title='bbox 1425 1256 1523 1286; x_wconf 72' lang='lat' dir='ltr'>Gallia</span> <span class='ocrx_word' id='word_1_247' title='bbox 1546 1256 1622 1284; x_wconf 86' lang='lat' dir='ltr'>cele-</span> 
     </span>
     <span class='ocr_line' id='line_1_23' title="bbox 102 1306 1622 1345; baseline -0.001 -7"><span class='ocrx_word' id='word_1_248' title='bbox 102 1308 256 1345; x_wconf 89' lang='lat' dir='ltr'>berrimis,</span> <span class='ocrx_word' id='word_1_249' title='bbox 275 1307 470 1345; x_wconf 82' lang='lat' dir='ltr'>Du-Longio</span> <span class='ocrx_word' id='word_1_250' title='bbox 490 1313 518 1337; x_wconf 88' lang='lat' dir='ltr'>et</span> <span class='ocrx_word' id='word_1_251' title='bbox 541 1306 666 1344; x_wconf 78' lang='lat' dir='ltr'>Petitio,</span> <span class='ocrx_word' id='word_1_252' title='bbox 687 1307 822 1336; x_wconf 88' lang='lat' dir='ltr'>mercurii</span> <span class='ocrx_word' id='word_1_253' title='bbox 848 1308 922 1337; x_wconf 91' lang='lat' dir='ltr'>intra</span> <span class='ocrx_word' id='word_1_254' title='bbox 944 1309 1019 1338; x_wconf 88' lang='lat' dir='ltr'>duos</span> <span class='ocrx_word' id='word_1_255' title='bbox 1048 1309 1188 1339; x_wconf 87' lang='lat' dir='ltr'>terminos</span> <span class='ocrx_word' id='word_1_256' title='bbox 1214 1314 1389 1338; x_wconf 88' lang='lat' dir='ltr'>memoratos</span> <span class='ocrx_word' id='word_1_257' title='bbox 1415 1307 1622 1345; x_wconf 84' lang='lat' dir='ltr'>expansionem</span> 
     </span>
     <span class='ocr_line' id='line_1_24' title="bbox 106 1358 1622 1399; baseline -0.002 -10"><span class='ocrx_word' id='word_1_258' title='bbox 106 1360 252 1397; x_wconf 76' lang='lat' dir='ltr'>aequalem</span> <span class='ocrx_word' id='word_1_259' title='bbox 272 1368 336 1389; x_wconf 85' lang='lat' dir='ltr'>esse</span> <span class='ocrx_word' id='word_1_260' title='bbox 356 1360 424 1399; x_wconf 47' lang='lat'>3¹⁵2&amp;</span> <span class='ocrx_word' id='word_1_261' title='bbox 443 1358 537 1389; x_wconf 87' lang='lat' dir='ltr'>totius</span> <span class='ocrx_word' id='word_1_262' title='bbox 559 1358 721 1388; x_wconf 88' lang='lat' dir='ltr'>altitudinis</span> <span class='ocrx_word' id='word_1_263' title='bbox 739 1359 888 1396; x_wconf 78' lang='lat' dir='ltr'>partibus3</span> <span class='ocrx_word' id='word_1_264' title='bbox 912 1360 988 1389; x_wconf 89' lang='lat' dir='ltr'>unde</span> <span class='ocrx_word' id='word_1_265' title='bbox 1010 1360 1146 1397; x_wconf 87' lang='lat' dir='ltr'>sequitur</span> <span class='ocrx_word' id='word_1_266' title='bbox 1165 1361 1329 1390; x_wconf 86' lang='lat' dir='ltr'>columnam</span> <span class='ocrx_word' id='word_1_267' title='bbox 1348 1359 1483 1389; x_wconf 89' lang='lat' dir='ltr'>mercurii</span> <span class='ocrx_word' id='word_1_268' title='bbox 1507 1359 1546 1394; x_wconf 78' lang='lat' dir='ltr'>h,</span> <span class='ocrx_word' id='word_1_269' title='bbox 1567 1366 1622 1396; x_wconf 84' lang='lat' dir='ltr'>pro</span> 
     </span>
     <span class='ocr_line' id='line_1_25' title="bbox 105 1408 1623 1450; baseline -0.002 -10"><span class='ocrx_word' id='word_1_270' title='bbox 105 1411 216 1450; x_wconf 80' lang='lat' dir='ltr'>quovis</span> <span class='ocrx_word' id='word_1_271' title='bbox 233 1412 322 1448; x_wconf 89' lang='lat' dir='ltr'>gradu</span> <span class='ocrx_word' id='word_1_272' title='bbox 347 1413 457 1447; x_wconf 86' lang='lat' dir='ltr'>scalae,</span> <span class='ocrx_word' id='word_1_273' title='bbox 479 1418 552 1448; x_wconf 88' lang='lat' dir='ltr'>quae</span> <span class='ocrx_word' id='word_1_274' title='bbox 577 1419 597 1439; x_wconf 88' lang='lat' dir='ltr'>n</span> <span class='ocrx_word' id='word_1_275' title='bbox 620 1410 767 1439; x_wconf 89' lang='lat' dir='ltr'>contineat</span> <span class='ocrx_word' id='word_1_276' title='bbox 786 1411 891 1448; x_wconf 84' lang='lat' dir='ltr'>gradus</span> <span class='ocrx_word' id='word_1_277' title='bbox 910 1411 984 1441; x_wconf 88' lang='lat' dir='ltr'>inter</span> <span class='ocrx_word' id='word_1_278' title='bbox 1001 1410 1121 1449; x_wconf 87' lang='lat' dir='ltr'>glaciale</span> <span class='ocrx_word' id='word_1_279' title='bbox 1141 1418 1169 1441; x_wconf 88' lang='lat' dir='ltr'>et</span> <span class='ocrx_word' id='word_1_280' title='bbox 1185 1411 1367 1442; x_wconf 79' lang='lat' dir='ltr'>ebullitIOnis</span> <span class='ocrx_word' id='word_1_281' title='bbox 1393 1417 1559 1447; x_wconf 88' lang='lat' dir='ltr'>punctum,</span> <span class='ocrx_word' id='word_1_282' title='bbox 1580 1408 1623 1438; x_wconf 88' lang='lat' dir='ltr'>di-</span> 
     </span>
    </p>
   </div>
   <div class='ocr_carea' id='block_1_3' title="bbox 103 1462 1624 1523">
    <p class='ocr_par' dir='ltr' id='par_1_4' title="bbox 103 1462 1624 1523">
     <span class='ocr_line' id='line_1_26' title="bbox 103 1462 1624 1523; baseline -0.002 -7"><span class='ocrx_word' id='word_1_283' title='bbox 103 1485 185 1516; x_wconf 82' lang='lat' dir='ltr'>latari</span> <span class='ocrx_word' id='word_1_284' title='bbox 217 1462 299 1491; x_wconf 62' lang='lat' dir='ltr'>¹⁰⁰l³</span> <span class='ocrx_word' id='word_1_285' title='bbox 329 1485 472 1522; x_wconf 82' lang='lat' dir='ltr'>partibus.</span> <span class='ocrx_word' id='word_1_286' title='bbox 521 1485 553 1514; x_wconf 94' lang='lat' dir='ltr'>Si</span> <span class='ocrx_word' id='word_1_287' title='bbox 584 1485 673 1522; x_wconf 88' lang='lat' dir='ltr'>igitur</span> <span class='ocrx_word' id='word_1_288' title='bbox 703 1485 886 1515; x_wconf 88' lang='lat' dir='ltr'>observatam</span> <span class='ocrx_word' id='word_1_289' title='bbox 914 1485 1070 1516; x_wconf 87' lang='lat' dir='ltr'>barometri</span> <span class='ocrx_word' id='word_1_290' title='bbox 1107 1487 1288 1518; x_wconf 84' lang='lat' dir='ltr'>altitudinem</span> <span class='ocrx_word' id='word_1_291' title='bbox 1312 1487 1429 1516; x_wconf 87' lang='lat' dir='ltr'>denotet</span> <span class='ocrx_word' id='word_1_292' title='bbox 1462 1484 1542 1514; x_wconf 87' lang='lat' dir='ltr'>litera</span> <span class='ocrx_word' id='word_1_293' title='bbox 1567 1483 1624 1523; x_wconf 81' lang='lat' dir='ltr'>H;</span> 
     </span>
    </p>
   </div>
   <div class='ocr_carea' id='block_1_4' title="bbox 109 1518 1471 1599">
    <p class='ocr_par' dir='ltr' id='par_1_5' title="bbox 109 1518 1471 1599">
     <span class='ocr_line' id='line_1_27' title="bbox 203 1518 308 1547; baseline 0 0"><span class='ocrx_word' id='word_1_294' title='bbox 203 1518 308 1547; x_wconf 72' lang='lat'><em>5550&#39;2</em></span> 
     </span>
     <span class='ocr_line' id='line_1_28' title="bbox 109 1559 1471 1599; baseline -0.001 -8"><span class='ocrx_word' id='word_1_295' title='bbox 109 1561 256 1591; x_wconf 73' lang='lat' dir='ltr'>reductam</span> <span class='ocrx_word' id='word_1_296' title='bbox 279 1561 320 1597; x_wconf 68' lang='grc' dir='ltr'>ᾗς</span> <span class='ocrx_word' id='word_1_297' title='bbox 343 1566 561 1597; x_wconf 63' lang='lat' dir='ltr'>temperaturam</span> <span class='ocrx_word' id='word_1_298' title='bbox 588 1559 764 1590; x_wconf 63' lang='lat' dir='ltr'>observatam</span> <span class='ocrx_word' id='word_1_299' title='bbox 786 1566 822 1597; x_wconf 77' lang='lat' dir='ltr'>t,</span> <span class='ocrx_word' id='word_1_300' title='bbox 843 1569 922 1597; x_wconf 86' lang='lat' dir='ltr'>eam,</span> <span class='ocrx_word' id='word_1_301' title='bbox 947 1562 984 1591; x_wconf 88' lang='lat' dir='ltr'>ad</span> <span class='ocrx_word' id='word_1_302' title='bbox 1003 1570 1088 1598; x_wconf 78' lang='lat' dir='ltr'>quam</span> <span class='ocrx_word' id='word_1_303' title='bbox 1113 1562 1210 1592; x_wconf 89' lang='lat' dir='ltr'>reduci</span> <span class='ocrx_word' id='word_1_304' title='bbox 1228 1561 1328 1599; x_wconf 79' lang='lat' dir='ltr'>debet,</span> <span class='ocrx_word' id='word_1_305' title='bbox 1351 1562 1394 1598; x_wconf 71' lang='lat' dir='ltr'>t&#39;g</span> <span class='ocrx_word' id='word_1_306' title='bbox 1418 1560 1471 1590; x_wconf 89' lang='lat' dir='ltr'>erit</span> 
     </span>
    </p>
   </div>
   <div class='ocr_carea' id='block_1_5' title="bbox 619 1613 1050 1698">
    <p class='ocr_par' dir='ltr' id='par_1_6' title="bbox 619 1613 1050 1698">
     <span class='ocr_line' id='line_1_29' title="bbox 619 1613 1050 1674; baseline -0.002 -33"><span class='ocrx_word' id='word_1_307' title='bbox 619 1634 649 1664; x_wconf 81' lang='lat' dir='ltr'>H</span> <span class='ocrx_word' id='word_1_308' title='bbox 667 1643 704 1664; x_wconf 56' lang='grc' dir='ltr'><strong>Σ</strong></span> <span class='ocrx_word' id='word_1_309' title='bbox 722 1636 741 1664; x_wconf 65' lang='lat' dir='ltr'><em>h</em></span> <span class='ocrx_word' id='word_1_310' title='bbox 761 1636 799 1674; x_wconf 43' lang='grc' dir='ltr'>,Ι-</span> <span class='ocrx_word' id='word_1_311' title='bbox 822 1613 1050 1649; x_wconf 77' lang='lat' dir='ltr'>iooh(t—t&#39;)</span> 
     </span>
     <span class='ocr_line' id='line_1_30' title="bbox 882 1669 986 1698; baseline 0 0"><span class='ocrx_word' id='word_1_312' title='bbox 882 1669 986 1698; x_wconf 82' lang='lat' dir='ltr'>5550n</span> 
     </span>
    </p>
   </div>
   <div class='ocr_carea' id='block_1_6' title="bbox 636 1736 1112 1825">
    <p class='ocr_par' dir='ltr' id='par_1_7' title="bbox 636 1736 1112 1825">
     <span class='ocr_line' id='line_1_31' title="bbox 636 1736 977 1788; baseline -0.003 -23"><span class='ocrx_word' id='word_1_313' title='bbox 636 1760 655 1788; x_wconf 85' lang='lat' dir='ltr'><em>h</em></span> <span class='ocrx_word' id='word_1_314' title='bbox 674 1770 710 1788; x_wconf 64' lang='grc' dir='ltr'>Ξ</span> <span class='ocrx_word' id='word_1_315' title='bbox 843 1743 919 1772; x_wconf 78' lang='grc'>5550</span> <span class='ocrx_word' id='word_1_316' title='bbox 928 1736 977 1765; x_wconf 83' lang='grc' dir='ltr'>ηΗ</span> 
     </span>
     <span class='ocr_line' id='line_1_32' title="bbox 727 1781 1112 1825; baseline 0 -11"><span class='ocrx_word' id='word_1_317' title='bbox 727 1793 802 1822; x_wconf 78' lang='lat'>5550</span> <span class='ocrx_word' id='word_1_318' title='bbox 811 1795 830 1814; x_wconf 86' lang='grc' dir='ltr'><em>η</em></span> <span class='ocrx_word' id='word_1_319' title='bbox 850 1788 887 1824; x_wconf 78' lang='lat'>÷</span> <span class='ocrx_word' id='word_1_320' title='bbox 908 1794 962 1816; x_wconf 74' lang='lat' dir='ltr'>ico</span> <span class='ocrx_word' id='word_1_321' title='bbox 972 1786 1006 1824; x_wconf 83' lang='lat' dir='ltr'>(t</span> <span class='ocrx_word' id='word_1_322' title='bbox 1015 1781 1112 1825; x_wconf 80' lang='grc' dir='ltr'><em>-ι’)“</em></span> 
     </span>
    </p>
   </div>
   <div class='ocr_carea' id='block_1_7' title="bbox 207 1502 307 1509">
    <p class='ocr_par' dir='ltr' id='par_1_8' title="bbox 207 1502 307 1509">
     <span class='ocr_line' id='line_1_33' title="bbox 207 1502 307 1509; baseline 0 1008"><span class='ocrx_word' id='word_1_323' title='bbox 207 1502 307 1509; x_wconf 95' lang='lat' dir='ltr'> </span> 
     </span>
    </p>
   </div>
   <div class='ocr_carea' id='block_1_8' title="bbox 102 1697 440 1736">
    <p class='ocr_par' dir='ltr' id='par_1_9' title="bbox 102 1697 440 1736">
     <span class='ocr_line' id='line_1_34' title="bbox 102 1697 440 1736; baseline -0.012 -7"><span class='ocrx_word' id='word_1_324' title='bbox 102 1705 190 1736; x_wconf 79' lang='lat' dir='ltr'>atque</span> <span class='ocrx_word' id='word_1_325' title='bbox 215 1697 284 1728; x_wconf 86' lang='lat' dir='ltr'>hinc</span> <span class='ocrx_word' id='word_1_326' title='bbox 310 1697 440 1727; x_wconf 83' lang='lat' dir='ltr'>vicissim</span> 
     </span>
    </p>
   </div>
   <div class='ocr_carea' id='block_1_9' title="bbox 1535 1832 1623 1873">
    <p class='ocr_par' dir='ltr' id='par_1_10' title="bbox 1535 1832 1623 1873">
     <span class='ocr_line' id='line_1_35' title="bbox 1535 1832 1623 1873; baseline 0 -10"><span class='ocrx_word' id='word_1_327' title='bbox 1535 1832 1623 1873; x_wconf 85' lang='lat' dir='ltr'>Quod</span> 
     </span>
    </p>
   </div>
   <div class='ocr_carea' id='block_1_10' title="bbox 133 1916 1630 1994">
    <p class='ocr_par' dir='ltr' id='par_1_11' title="bbox 133 1916 1630 1994">
     <span class='ocr_line' id='line_1_36' title="bbox 133 1916 1404 1948; baseline 0.004 -11"><span class='ocrx_word' id='word_1_328' title='bbox 133 1918 187 1948; x_wconf 73' lang='grc' dir='ltr'>(ι)</span> <span class='ocrx_word' id='word_1_329' title='bbox 209 1917 323 1943; x_wconf 68' lang='lat' dir='ltr'>Tnlnger</span> <span class='ocrx_word' id='word_1_330' title='bbox 338 1916 448 1944; x_wconf 64' lang='lat' dir='ltr'>Mamer,</span> <span class='ocrx_word' id='word_1_331' title='bbox 470 1916 496 1941; x_wconf 76' lang='grc' dir='ltr'>Β.</span> <span class='ocrx_word' id='word_1_332' title='bbox 511 1917 529 1940; x_wconf 82' lang='lat' dir='ltr'>l.</span> <span class='ocrx_word' id='word_1_333' title='bbox 550 1919 581 1941; x_wconf 86' lang='lat' dir='ltr'>st.</span> <span class='ocrx_word' id='word_1_334' title='bbox 596 1924 617 1941; x_wconf 74' lang='lat' dir='ltr'>a.</span> <span class='ocrx_word' id='word_1_335' title='bbox 638 1925 656 1940; x_wconf 85' lang='lat' dir='ltr'>s.</span> <span class='ocrx_word' id='word_1_336' title='bbox 673 1924 723 1946; x_wconf 79' lang='lat'><em>219.</em></span> <span class='ocrx_word' id='word_1_337' title='bbox 868 1917 922 1948; x_wconf 83' lang='lat'>(2)</span> <span class='ocrx_word' id='word_1_338' title='bbox 945 1919 1030 1942; x_wconf 69' lang='lat' dir='ltr'>cin.</span> <span class='ocrx_word' id='word_1_339' title='bbox 1051 1919 1113 1943; x_wconf 68' lang='lat' dir='ltr'>Anu.</span> <span class='ocrx_word' id='word_1_340' title='bbox 1131 1921 1195 1946; x_wconf 75' lang='grc' dir='ltr'>ηις.</span> <span class='ocrx_word' id='word_1_341' title='bbox 1217 1919 1258 1942; x_wconf 74' lang='lat' dir='ltr'>nd.</span> <span class='ocrx_word' id='word_1_342' title='bbox 1274 1923 1296 1945; x_wconf 86' lang='lat'>7.</span> <span class='ocrx_word' id='word_1_343' title='bbox 1318 1924 1336 1941; x_wconf 81' lang='grc' dir='ltr'>ι.</span> <span class='ocrx_word' id='word_1_344' title='bbox 1353 1922 1404 1944; x_wconf 65' lang='lat' dir='ltr'>aar.</span> 
     </span>
     <span class='ocr_line' id='line_1_37' title="bbox 141 1954 1630 1994; baseline 0 -13"><span class='ocrx_word' id='word_1_345' title='bbox 141 1957 192 1989; x_wconf 75' lang='lat'>(3)</span> <span class='ocrx_word' id='word_1_346' title='bbox 212 1959 262 1981; x_wconf 83' lang='lat' dir='ltr'>Nec</span> <span class='ocrx_word' id='word_1_347' title='bbox 278 1963 332 1981; x_wconf 77' lang='lat' dir='ltr'>vero</span> <span class='ocrx_word' id='word_1_348' title='bbox 351 1954 414 1994; x_wconf 46' lang='grc' dir='ltr'>,ἕρ</span> <span class='ocrx_word' id='word_1_349' title='bbox 430 1958 463 1980; x_wconf 88' lang='lat' dir='ltr'>utl</span> <span class='ocrx_word' id='word_1_350' title='bbox 475 1959 572 1987; x_wconf 80' lang='lat' dir='ltr'>legitur,</span> <span class='ocrx_word' id='word_1_351' title='bbox 587 1960 647 1981; x_wconf 77' lang='lat' dir='ltr'>forte</span> <span class='ocrx_word' id='word_1_352' title='bbox 663 1965 740 1983; x_wconf 80' lang='lat' dir='ltr'>errore</span> <span class='ocrx_word' id='word_1_353' title='bbox 757 1961 907 1989; x_wconf 70' lang='lat' dir='ltr'>typographi,</span> <span class='ocrx_word' id='word_1_354' title='bbox 922 1961 981 1990; x_wconf 75' lang='lat' dir='ltr'>apud</span> <span class='ocrx_word' id='word_1_355' title='bbox 998 1966 1022 1985; x_wconf 85' lang='lat' dir='ltr'>v.</span> <span class='ocrx_word' id='word_1_356' title='bbox 1039 1966 1096 1984; x_wconf 80' lang='lat' dir='ltr'>swr</span> <span class='ocrx_word' id='word_1_357' title='bbox 1106 1966 1154 1985; x_wconf 73' lang='lat' dir='ltr'>ru·</span> <span class='ocrx_word' id='word_1_358' title='bbox 1170 1960 1235 1990; x_wconf 71' lang='lat' dir='ltr'>(Pu.</span> <span class='ocrx_word' id='word_1_359' title='bbox 1252 1959 1318 1988; x_wconf 70' lang='lat' dir='ltr'><em>Phys.</em></span> <span class='ocrx_word' id='word_1_360' title='bbox 1333 1961 1365 1984; x_wconf 77' lang='lat' dir='ltr'>&#39;r-</span> <span class='ocrx_word' id='word_1_361' title='bbox 1379 1960 1409 1983; x_wconf 82' lang='lat' dir='ltr'>ll.</span> <span class='ocrx_word' id='word_1_362' title='bbox 1426 1964 1449 1987; x_wconf 80' lang='lat' dir='ltr'>p·</span> <span class='ocrx_word' id='word_1_363' title='bbox 1459 1957 1523 1988; x_wconf 70' lang='grc' dir='ltr'><strong>ιω).</strong></span> <span class='ocrx_word' id='word_1_364' title='bbox 1552 1955 1630 1981; x_wconf 72' lang='lat' dir='ltr'>Cons-</span> 
     </span>
    </p>
   </div>
   <div class='ocr_carea' id='block_1_11' title="bbox 114 1998 928 2074">
    <p class='ocr_par' dir='ltr' id='par_1_12' title="bbox 114 1998 928 2074">
     <span class='ocr_line' id='line_1_38' title="bbox 114 1998 681 2030; baseline 0.009 -9"><span class='ocrx_word' id='word_1_365' title='bbox 114 1999 180 2024; x_wconf 66' lang='lat' dir='ltr'>lum.</span> <span class='ocrx_word' id='word_1_366' title='bbox 196 1999 221 2021; x_wconf 74' lang='lat'>1·</span> <span class='ocrx_word' id='word_1_367' title='bbox 236 1998 328 2023; x_wconf 58' lang='grc' dir='ltr'>θαι-σά.</span> <span class='ocrx_word' id='word_1_368' title='bbox 350 2002 386 2022; x_wconf 76' lang='lat' dir='ltr'>Au</span> <span class='ocrx_word' id='word_1_369' title='bbox 400 2005 465 2028; x_wconf 76' lang='lat'>¹7⁰⁴·</span> <span class='ocrx_word' id='word_1_370' title='bbox 487 2007 509 2029; x_wconf 76' lang='lat' dir='ltr'>p.</span> <span class='ocrx_word' id='word_1_371' title='bbox 524 2000 564 2030; x_wconf 69' lang='lat'>164</span> <span class='ocrx_word' id='word_1_372' title='bbox 579 2006 601 2024; x_wconf 79' lang='lat' dir='ltr'>ct</span> <span class='ocrx_word' id='word_1_373' title='bbox 616 2007 681 2030; x_wconf 74' lang='lat' dir='ltr'>seqq.</span> 
     </span>
     <span class='ocr_line' id='line_1_39' title="bbox 861 2042 928 2074; baseline 0.015 -1"><span class='ocrx_word' id='word_1_374' title='bbox 861 2042 886 2073; x_wconf 93' lang='lat' dir='ltr'>C</span> <span class='ocrx_word' id='word_1_375' title='bbox 908 2051 928 2074; x_wconf 78' lang='lat'>2</span> 
     </span>
    </p>
   </div>
  </div>
 </body>
</html>
