1946 2517
309 176 348 207 ς»
611 164 981 197 GUILIELMI
1038 163 1512 197 WENCKEBA-CH

1023 308 1133 319 -—

369 398 435 429 Hoc
453 399 519 428 loco
542 397 705 427 subsistens
723 398 778 435 jam
806 397 877 427 mihi
895 398 995 428 videor
1021 406 1075 434 pro
1099 398 1208 428 viribus
1232 399 1415 435 respondisse
1440 397 1622 434 quaestioni:
1645 404 1733 433 quum
1755 398 1829 426 enim

332 450 492 488 quaesitum
517 449 555 478 sit
577 450 611 477 de
634 450 850 478 constructione
874 455 902 478 et
931 450 964 478 de
994 457 1050 477 usu
1075 449 1226 478 barometri
1253 451 1287 478 ad
1311 450 1478 478 altitudines
1504 449 1656 477 metiendas
1674 448 1830 482 destinati,

330 501 454 538 priorem
478 500 565 536 hujus
592 500 789 535 responsionis
817 506 924 536 partem
951 499 1039 529 tribui
1066 501 1248 530 delineationi
1273 501 1338 530 talis
1364 501 1564 536 instrumenti,
1587 502 1669 536 quale
1686 507 1713 528 et
1733 501 1763 528 in
1784 507 1831 535 ge-

334 561 398 581 nere
424 559 508 580 omne
536 557 632 586 aptum
656 551 849 580 barometrum
876 559 940 581 esse
966 551 1071 587 debet,
1099 558 1127 580 et
1153 551 1333 588 peculiariter
1363 552 1553 580 barometrum
1581 551 1731 580 itineribus
1755 551 1831 578 dica-

334 610 415 638 tum3
436 602 596 631 enumeravi
621 601 749 638 singulas
778 603 839 638 ejus
862 608 973 638 partes,
995 606 1031 638 et]
1049 603 1197 638 quomodo
1221 603 1271 631 hae
1295 611 1310 630 a
1334 602 1469 638 pluribus
1494 603 1613 631 eruditis
1647 607 1830 630 constructae

331 654 439 683 fuerint
471 653 584 682 ostendi
595 663 609 690 3>
643 653 795 689 explicui,
835 661 972 689 quaenam
1001 654 1031 681 in
1056 654 1217 682 barometro
1250 653 1385 689 portabili
1420 654 1601 689 requirantur
1630 659 1657 682 et
1683 652 1831 688 quomodo
1857 681 1860 684 Δ

331 704 377 732 his
407 704 541 732 satisfiat.
589 706 622 732 In
651 704 735 732 altera
763 709 842 739 parte
869 703 928 732 dixi
956 704 990 732 de
1011 712 1068 732 usu
1089 704 1241 732 barometri
1265 705 1299 732 ad
1322 704 1487 734 altitudines
1513 705 1688 741 metiendas;
1718 711 1746 732 et
1769 704 1835 740 qui·

332 755 393 784 dem
414 755 494 790 prius
524 755 557 784 de
581 755 612 783 ea
629 761 730 791 parte,
758 763 830 791 quae
856 755 892 783 ad
914 755 1073 790 rationem,
1095 761 1156 783 tum
1182 763 1250 783 vero
1274 755 1308 783 de
1326 763 1376 790 ea,
1397 764 1467 791 quae
1489 757 1524 784 ad
1551 764 1634 784 usum
1653 755 1779 790 pertinet
1793 755 1836 783 lo-

331 811 418 834 cutus
445 813 528 834 sum:
559 805 656 841 itaque
683 806 806 842 primum
838 814 853 834 e
880 806 1123 843 contemplatione
1155 806 1377 835 constitutionis
1412 808 1624 843 atmosphaerae
1648 805 1752 836 deduxi
1774 804 1834 834 for-

335 859 440 886 mulam
459 857 640 893 simplicem3
661 857 728 885 huic
745 857 862 894 adjunxi
887 858 1101 892 correctiones,
1122 863 1177 886 tarn
1202 863 1319 892 propter
1342 856 1510 892 gravitatem
1535 856 1740 887 diminuentem
1760 864 1831 884 cou-

336 908 481 937 venienter
510 917 574 936 cum
601 908 745 936 distantiis
767 916 782 936 a
806 914 906 936 centro
929 914 1037 943 terrae,
1059 917 1143 945 quam
1166 914 1282 944 propter
1303 909 1390 936 aerem
1410 915 1436 936 et
1456 909 1649 944 mercurium,
1668 907 1835 936 dilatantem

332 968 364 987 se
379 960 466 988 simul
481 967 546 987 cum
573 959 678 987 caloris
701 958 898 994 increment03
923 958 1081 988 formulam.
1098 967 1185 994 porro
1207 959 1335 994 mutavi,
1367 964 1398 986 ut
1420 958 1509 987 etiam.
1527 958 1653 987 adhiberi
1675 964 1775 994 posset
1797 958 1832 987 ad

330 1009 497 1038 altitudines
521 1009 746 1037 determinandas
775 1017 808 1049 eir
837 1008 1088 1039 observationibus
1105 1030 1115 1044 ‚
1147 1010 1177 1037 in
1200 1009 1263 1037 sola
1286 1009 1414 1038 statione
1440 1009 1586 1045 superiore
1611 1007 1716 1044 factis3
1748 1014 1834 1042 atque

333 1060 480 1095 quomodo
497 1068 529 1088 ex
545 1060 662 1096 cognita
678 1060 829 1088 altitudine
857 1059 976 1087 duarum
1001 1060 1167 1089 stationum
1180 1067 1275 1087 earum
1300 1059 1482 1088 intervallum
1508 1058 1687 1086 horizontale
1711 1057 1837 1087 inveniri

333 1115 453 1145 posset,
473 1109 618 1145 indicavi;
641 1117 713 1145 quae
738 1109 850 1145 singula
867 1109 1003 1144 exemplis
1026 1110 1170 1137 illustrare
1192 1116 1313 1138 conatus
1336 1117 1419 1137 sum:
1448 1108 1547 1138 deinde
1580 1106 1707 1144 explicui
1724 1107 1831 1143 quibus

337 1160 518 1196 temporibus
536 1167 562 1188 et
582 1168 703 1196 quanam
722 1161 833 1189 ratione
859 1160 1075 1188 observationes
1097 1159 1288 1189 instituendae
1310 1166 1425 1195 essent,
1446 1166 1473 1187 et
1492 1158 1600 1195 quibus
1622 1157 1834 1195 cautelisopus

335 1218 412 1240 esset
433 1212 467 1240 ad
484 1219 615 1241 accurate
637 1213 867 1241 observandum:
889 1213 1013 1248 denique
1036 1212 1203 1242 brevissime
1227 1211 1361 1239 recensui
1383 1210 1542 1246 praecipua.
1559 1210 1739 1245 adiumenta,
1761 1202 1834 1245 quae

334 1268 449 1298 praesto
464 1269 531 1291 sunt
552 1264 748 1299 observatori,
771 1270 803 1291 ut
820 1272 855 1292 ex
871 1264 996 1300 cognitis
1021 1264 1181 1295 batometr't
1201 1263 1405 1295 altitudinibus
1430 1271 1515 1301 quam
1541 1261 1681 1291 facillime,
1701 1269 1728 1290 et
1751 1261 1840 1295 celei-p,

331 1311 401 1340 rime
417 1313 544 1341 locorum
562 1313 727 1342 altitudines
748 1313 861 1342 definire
878 1322 974 1348 queat.

371 1362 463 1398 Igitur
487 1372 564 1392 nunc
597 1364 753 1399 existimo,
783 1373 827 1392 me
853 1364 924 1392 satis
952 1364 1060 1392 dixisse
1090 1368 1124 1393 de
1147 1366 1270 1400 singulis
1296 1363 1473 1398 quaestionis
1505 1361 1647 1397 partibus.
1693 1362 1837 1390 Felicissi-

336 1419 413 1441 mum
436 1421 481 1441 me
498 1415 686 1449 praedicabo,
711 1415 828 1451 Judices
853 1415 1036 1450 Clarissimi,
1065 1415 1089 1443 si
1114 1415 1190 1443 hunc
1213 1422 1336 1442 meorum
1363 1413 1524 1441 studiorum
1555 1412 1662 1439 foetum
1682 1420 1739 1440 non
1755 1413 1836 1447 plane

334 1462 483 1499 indignum
510 1465 671 1499 censeatis,
699 1466 750 1499 qui
772 1471 868 1493 vestro
888 1466 998 1502 judicio
1025 1466 1139 1501 praemii
1166 1466 1274 1492 honore
1298 1464 1506 1492 condecoratus
1538 1463 1568 1490 in
1592 1463 1682 1490 lucem
1709 1463 1839 1498 prodeat.

336 1514 388 1542 Sin
405 1516 499 1543 minus
516 1514 585 1543 felix
603 1515 722 1543 futurus
736 1516 802 1550 sin,
825 1522 919 1544 tamen
941 1525 998 1544 non
1027 1524 1147 1552 prorsus
1173 1515 1276 1543 irritam
1305 1513 1431 1542 futuram
1458 1513 1580 1541 arbitror
1599 1520 1710 1548 operam
1724 1533 1733 1548 ,
1756 1521 1841 1549 quam

337 1565 425 1601 hujus
445 1566 620 1601 quaestionis
648 1573 815 1602 argumento
839 1566 983 1602 dederim,
1015 1567 1124 1602 quippe
1157 1575 1213 1602 qua
1238 1566 1363 1600 aliquam
1390 1571 1465 1592 certe
1492 1563 1623 1592 notitiam
1652 1564 1842 1594 contraxerim

339 1624 403 1643 cum
421 1618 477 1644 una
507 1625 540 1644 ex
559 1616 738 1652 gravissimis
760 1616 895 1651 physicae
917 1617 1061 1644 adhibitae
1088 1617 1240 1652 partibus,
1262 1617 1291 1644 in
1319 1616 1402 1651 cujus
1431 1614 1614 1649 expositione
1629 1622 1643 1642 a
1658 1615 1762 1650 juvene
1786 1615 1840 1642 im-

344 1667 542 1701 peritissimo,
567 1667 699 1702 quamvis
718 1665 810 1702 probe
826 1665 931 1701 sciam,
957 1667 1123 1696 acerrimum
1149 1673 1275 1695 vestrum
1296 1665 1436 1701 judicium
1460 1665 1549 1692 multa
1574 1664 1643 1691 vitia
1664 1670 1841 1698 reperturum

1808 1722 1853 1743 es·

341 1811 382 1834 ubi
397 1817 410 1830 ιι
427 1811 539 1838 significat
555 1811 703 1834 differentiam
719 1817 881 1839 temperaturae
897 1813 1012 1840 utriusque
1028 1813 1168 1835 Bnrometri:
1193 1827 1213 1839 ‚,
1229 1817 1285 1834 avec
1298 1813 1322 1833 le
1335 1815 1440 1836 secours.
1457 1809 1544 1836 inquit,
1566 1810 1604 1831 des
1623 1809 1707 1836 rables,
1729 1810 1769 1837 qul
1785 1811 1844 1833 don—

342 1866 360 1879 „
376 1859 430 1874 nent
445 1853 576 1878 logatiihme
592 1854 620 1874 de
637 1853 703 1880 13393
720 1859 778 1879 pour
793 1855 879 1880 chaque
895 1854 1004 1881 latitudo,
1020 1856 1040 1875 le
1058 1853 1130 1876 calcu}
1146 1854 1174 1874 de
1190 1857 1204 1872 2
1221 1858 1260 1879 pm·
1274 1852 1291 1874 la
1308 1852 1404 1873 foi-mule
1422 1852 1560 1878 prece-lente
1578 1850 1648 1877 paruit
1667 1850 1725 1872 nuni
1739 1857 1845 1880 prompt,

342 1905 360 1919 ‚‚
377 1898 420 1919 que
437 1894 518 1919 l'usagc
535 1896 574 1914 des
589 1894 690 1915 diverses
706 1895 778 1915 «ables
793 1896 896 1916 dre-sices
911 1901 969 1922 pour
984 1895 1083 1916 faciliter
1097 1901 1124 1917 ce
1139 1899 1206 1921 genre
1223 1892 1375 1920 d'opentions
1384 1893 1407 1917 ‚''
1431 1893 1490 1918 quod
1507 1897 1578 1912 tamen
1595 1891 1649 1912 mihi
1666 1897 1712 1913 non
1731 1892 1761 1914 lu
1777 1892 1844 1915 vide-

343 1937 393 1959 tur,
416 1934 468 1959 quia
482 1939 528 1956 tum
544 1935 624 1957 tabulis
639 1933 814 1962 logni-immicis,
838 1940 885 1956 tum
902 1935 1056 1963 peculiaribus
1072 1934 1285 1964 computatiunculis
1301 1939 1357 1961 opus
1374 1939 1416 1956 et.
1446 1933 1518 1959 (VM-
1534 1931 1617 1955 Avul-
1634 1931 1658 1952 ὅ·
1677 1933 1715 1955 ⁶¹·-
1730 1937 1752 1953 θ’
1777 1932 1843 1959 Pbfl-

342 1972 409 2000 Janv.
427 1976 479 1996 1³22
490 1973 511 2000 J.
