1946 2517
424 167 740 200 COMMENTATIO
763 178 796 199 ιΝ
817 169 1118 208 ΩΗΛΕΞΤΙΟΝΕΜ
1137 170 1347 203 MEDICAM.
1611 184 1647 215 41

140 254 296 285 liar-iorum.
338 251 497 287 impeditur
523 252 665 287 secretio,
695 258 762 287 post
787 251 936 287 ligaturam
965 262 1051 282 venae
1080 262 1250 290 portarurn,
1279 262 1350 283 caet.
1374 255 1460 292 (a).
1502 257 1587 294 Quod
1615 261 1648 289 ad

139 307 257 335 Lienem
270 325 280 339 ,
303 303 343 331 uti
363 311 429 330 mox
446 303 623 336 viieffimns,
646 302 716 329 illud
734 310 833 330 vrscus
851 303 878 329 iu
897 303 997 339 foetu,
1020 305 1049 333 in
1070 314 1129 339 quo
1147 306 1205 335 fere
1222 307 1300 335 nulla
1322 308 1441 335 secretio
1462 308 1536 344 viget
1551 330 1560 342 ,
1581 318 1646 339 bro-

135 357 328 394 portionatam
353 353 436 381 habet
456 353 679 389 magnitudinem
697 373 706 387 ‚
729 362 787 382 non
808 363 859 389 pro
879 355 991 390 hepatis
1009 357 1174 391 volumine,
1195 359 1245 386 sed
1264 366 1316 394 pro
1334 359 1433 393 vigore
1453 361 1641 396 secreti011·S;

135 415 163 436 et
183 415 215 435 ex
237 405 359 433 Hallero
377 405 502 432 vidimus
527 404 654 431 arteriam
681 404 836 439 hepaticam
863 406 893 434 in
915 406 995 436 foetu
1025 416 1156 443 magnam
1187 417 1270 443 esse,
1292 416 1359 445 post
1382 411 1558 439 narivitatem
1577 420 1644 440 vero

134 459 247 487 eandem
267 458 444 485 decrescere:
478 456 630 489 respondet
662 463 728 490 ergo
757 458 899 486 volumini
925 459 1035 494 hepatis
1055 467 1112 487 non
1139 468 1205 488 vero
1231 460 1384 489 secretioni
1406 462 1494 497 bilis3
1517 462 1582 490 dum
1601 471 1643 490 ar.

133 510 202 539 teria
217 508 327 537 lienalis
343 515 357 534 e
378 512 499 542 contra,
520 514 585 534 ante
604 507 780 535 nativitatem
798 515 884 543 parva
901 515 964 543 est,
986 515 1055 544 post
1083 510 1160 539 illam
1186 518 1254 540 vero
1274 511 1428 547 increscit,
1452 518 1479 540 et
1497 513 1643 542 volumine

133 569 252 598 augetur
274 561 347 598 (b).

172 614 201 649 5.
224 620 272 649 25.
312 609 446 640 Diximus
465 610 631 646 sanguinem
662 618 749 639 venae
768 617 916 646 portarum
944 612 1176 641 convenientiam
1200 613 1303 642 habere
1319 622 1383 643 cum
1402 615 1479 651 bile,
1500 624 1565 644 cum
1585 624 1642 645 ma·

132 665 216 693 terias
240 663 445 692 constitutivas
475 663 560 698 liujus
587 663 710 698 liquoris
735 663 764 690 in
788 670 819 690 se
848 670 1016 700 contineat,
1049 665 1140 700 magis
1163 666 1362 702 abundantes,
1393 675 1443 695 nec
1470 676 1527 696 non
1556 668 1644 704 magis

131 716 284 750 evolutas,
309 722 392 749 quam
417 713 445 741 in
467 714 532 741 aliis
552 722 630 742 vasis
653 714 730 750 (c).

169 766 348 802 Repererunt
371 765 543 801 physiologi
564 772 592 793 et
613 765 743 795 Chemici
762 766 791 794 in
820 766 875 794 hoc
897 768 1035 803 sanguine
1055 774 1149 803 partes
1177 768 1329 803 adiposas,
1360 769 1519 805 portionem
1543 778 1642 805 quam·

130 818 193 847 darn
216 817 302 852 bilis,
322 825 373 845 nec
392 825 450 844 non
471 817 679 853 hydrogenium
696 837 707 852 ,
728 817 895 846 carboniam
920 825 947 846 et
974 826 1080 851 caetera
1106 819 1181 851 bilis„
1198 820 1353 854 elementa,
1374 821 1403 848 in
1423 829 1481 855 quo
1507 821 1551 848 hic
1578 829 1644 849 san-

131 870 196 907 guis
215 877 291 898 certe
312 868 406 897 differt
429 876 444 896 a
469 868 580 903 reliquo
606 876 716 896 venoso
739 868 898 904 sanguine3
922 869 987 897 dum
1007 870 1122 898 arteriae
1139 870 1287 906 hepaticae
1305 871 1423 905 sanguis
1443 871 1514 899 idem
1532 871 1644 899 videtur

130 929 162 949 ac
184 920 311 955 reliquus
330 920 488 947 arteriosus
508 919 625 955 sanguis
647 919 739 954 (d};
762 928 855 955 neque
874 921 975 948 mirum
1004 923 1046 949 uti
1069 923 1202 956 videtur,
1233 930 1296 950 nam
1322 922 1367 950 liic
1388 931 1446 950 non
1471 923 1546 951 illud
1568 924 1644 952 obti-

127 978 196 1007 net,
219 972 297 1006 quod
317 971 346 998 in
366 971 484 1006 reliquis
506 971 608 1003 venis,
630 970 664 997 ab
684 978 743 998 uno
760 972 861 1006 aliquo
878 980 987 1008 organo
1010 979 1059 1000 aut
1078 973 1200 1001 articulo
1220 973 1389 1007 sanguinem
1416 975 1636 1010 revebentibusg

130 1024 180 1052 sed
203 1022 378 1051 contrarium
405 1021 518 1050 obtinet
542 1021 570 1049 in
595 1029 665 1049 vena
692 1029 840 1057 portarum
854 1043 865 1058 ‚
893 1031 966 1058 quae
988 1033 1003 1052 a
1029 1025 1184 1059 plurimis,
1207 1025 1297 1059 iisque
1312 1026 1393 1053 valde
1408 1026 1528 1055 diversis
1548 1035 1638 1056 visce-

128 1076 210 1104 ribus
229 1075 460 1103 diversissimum
481 1075 649 1110 sanguinem
677 1074 799 1110 recipit;
822 1082 848 1102 et
867 1074 986 1110 insuper
1003 1074 1119 1110 adhuc,
1140 1076 1296 1103 secundum
1319 1075 1474 1111 lVahher,
1495 1086 1550 1112 ope
1567 1086 1636 1106 san-

125 1126 228 1167 guinis
247 1134 334 1154 venae
352 1132 496 1161 portarum
515 1125 621 1161 chylus
639 1134 654 1153 e
672 1125 778 1162 chymo
794 1125 976 1161 praecipitari
993 1133 1090 1161 potest
1105 1149 1108 1152 .
1133 1132 1161 1154 et
1178 1127 1207 1154 in
1224 1127 1324 1155 calidis
1343 1127 1522 1163 regionibus,
1540 1129 1574 1157 ab
1592 1130 1636 1158 in-

125 1179 245 1215 signiter
272 1180 391 1207 adaucta
415 1179 616 1214 atmospherae
636 1185 842 1214 temperatura,
864 1185 923 1206 non
940 1185 1002 1206 raro
1025 1176 1054 1206 in
1078 1176 1187 1215 morbis
1206 1178 1301 1208 acutis
1325 1186 1420 1208 revera
1447 1179 1636 1216 praeformata

125 1230 232 1259 biliosa
249 1232 378 1259 materies
397 1230 426 1258 iri
442 1238 512 1258 vena
531 1237 678 1266 portarurn
702 1230 859 1258 invenitur.

163 1283 192 1318 §-
214 1282 262 1312 26.
303 1282 387 1310 Licet
405 1289 482 1310 nunc
498 1290 531 1310 ex
547 1281 592 1309 bis
612 1281 759 1317 probabile
777 1281 929 1316 reddatur,
950 1280 1035 1309 bilem
1052 1288 1067 1309 e
1084 1281 1224 1315 sanguine
1238 1290 1324 1311 venae
1340 1289 1485 1319 portarurn
1505 1283 1635 1319 secerni,

125 1340 187 1367 non
204 1339 297 1361 tamen
315 1340 477 1368 possumus
496 1333 567 1368 quin
578 1333 695 1361 arteriae
715 1333 862 1368 hepaticae
879 1334 909 1362 in
928 1335 1085 1363 secretione
1099 1335 1166 1364 bilis
1184 1335 1304 1364 activam
1324 1342 1431 1371 partem
1452 1336 1633 1373 tribuamus,

122 1389 152 1412 et
173 1384 286 1419 quidem
309 1383 347 1412 ob
368 1391 521 1419 sequentes
542 1384 634 1412 adhuc
659 1385 795 1414 rationes.

163 1433 250 1462 Fines
262 1435 377 1462 arteriae
391 1435 556 1470 hepaticae‚
578 1435 620 1462 uti
638 1443 684 1462 eae
709 1443 796 1464 venae
811 1443 957 1472 portarurn
975 1437 1003 1465 in
1022 1437 1114 1466 acinis
1135 1438 1292 1474 finiuntur,
1314 1439 1363 1475 qui
1382 1439 1456 1468 inter
1475 1448 1505 1468 se
1522 1446 1550 1468 et
1568 1447 1633 1468 cum

121 1485 262 1515 ductibus
282 1485 404 1513 biliferis
423 1492 636 1513 communicant
657 1487 734 1521 (εζ.
775 1487 906 1522 Exinde,
930 1488 1000 1516 dicit
1023 1489 1126 1523 Luca,
1148 1488 1207 1517 fieri
1227 1496 1346 1525 potest,
1373 1489 1538 1519 affectiones
1559 1499 1636 1520 mor-

121 1536 211 1565 bosas
230 1537 318 1572 partis
338 1544 424 1565 venae
447 1543 592 1572 portarum
619 1537 773 1566 arteriosae
799 1546 865 1567 mox
890 1539 993 1567 mutari
1014 1539 1044 1568 in
1065 1539 1146 1576 ipsos
1170 1540 1287 1568 morbos
1319 1539 1453 1577 hepatis,
1482 1547 1633 1577 totumque

122 1586 316 1622 parenchyma
343 1586 449 1614 afficere
471 1587 544 1623 (f).

159 1636 256 1666 Venae
277 1644 427 1673 pomarum
453 1637 578 1674 quisque
597 1646 691 1667 ramus
719 1648 735 1668 a
759 1647 838 1669 ramo
858 1640 973 1670 arteriae
996 1640 1141 1678 hepaticae
1167 1641 1379 1671 concomitatur>
1399 1649 1454 1673 est.

1579 1693 1634 1725 Ve-

148 1753 198 1780 (a)
220 1750 256 1773 cr.
271 1750 388 1778 Walthr,
405 1751 472 1774 Lihr.
488 1751 534 1774 Cir.
551 1751 577 1774 B.
597 1759 615 1774 ι.
632 1760 654 1780 p.
667 1758 716 1781 219.
735 1754 755 1782 §-
770 1755 804 1780 ⁸5·

145 1792 200 1819 (b)
221 1792 261 1813 (s.
281 1792 379 1819 Βί-Ιιιι,
404 1795 474 1817 Anat.
490 1793 607 1820 Dmripe.
630 1795 657 1816 T.
673 1800 695 1819 ⁵·
719 1803 740 1823 p.
763 1801 811 1818 1¹2.

145 1833 195 1859 (c)
216 1832 251 1854 Cf.
275 1833 414 1861 ΝαΙΙῐημν,
438 1834 498 1856 oin.
515 1834 542 1854 do
559 1834 626 1855 ductu
644 1835 700 1861 llep.
719 1835 792 1863 Cys.§
815 1844 849 1861 12.

147 1872 197 1900 (d)
221 1873 258 1895 Cf.
282 1873 434 1902 Pmsclmska,
452 1875 517 1900 phys.
535 1883 559 1903 p.
572 1883 621 1903 ⁴¹⁴·
653 1878 689 1899 cf.
705 1878 811 1905 Bartcls,
826 1879 890 1906 Phys.
907 1883 925 1908 g.
938 1885 989 1908 232,
1019 1881 1052 1905 cf
1074 1880 1173 1909 Foden‘,
1186 1881 1248 1908 Phys.
1267 1881 1295 1903 Τ.
1309 1887 1329 1904 a.
1345 1888 1370 1909 p.
1384 1887 1437 1910 240.
1467 1881 1508 1905 Cs-
1523 1880 1641 1911 Walelur,

116 1914 132 1937 1.
149 1920 168 1936 e.
187 1915 199 1942 S
223 1915 257 1939 85.
286 1915 325 1936 Cf.
342 1916 498 1943 «maceriem,
514 1917 530 1937 Ι.
549 1923 567 1939 c.
584 1919 604 1945 §.
618 1919 668 1944 673.
701 1919 737 1941 Cf.
754 1918 833 1949 Luca,
849 1921 865 1943 Ι.
881 1928 900 1944 c.
917 1922 940 1951 s.
955 1929 1003 1951 372.
1033 1923 1069 1947 cf,
1084 1924 1182 1950 hamas,
1199 1923 1215 1945 l.
1230 1929 1249 1946 e,
1264 1930 1288 1951 p·
1300 1928 1343 1952 590

146 1959 193 1984 (e)
215 1959 253 1981 (Ὗ.
268 1958 392 1986 ss'mhcrr,
408 1961 486 1982 J'tml.
503 1960 527 1980 Ῐη
546 1961 623 1983 ΒοενΙι.
642 1962 670 1983 Τ.
683 1969 703 1984 2.
727 1970 750 1990 p.
765 1963 815 1989 468.

143 1999 188 2027 (f)
210 2000 248 2022 cs.
262 1999 336 2026 Luca,
354 2000 419 2024 Lm.
437 2002 483 2024 Cn.
502 2003 530 2025 T.
551 2009 568 2025 ι.
588 2011 611 2031 p.
624 2010 673 2031 411.
692 2002 777 2033 §.373-
