1946 2517
359 171 399 202 ¹4
724 158 1449 194 SERIESLECTIONUM.

355 253 397 286 1-1.
422 252 463 286 G.
491 251 599 287 TYD
612 253 687 287 EM
695 255 765 288 AN
788 253 1073 298 Encyclopaediam
1097 252 1370 298 Jurisprudentiae
1389 252 1533 294 docebit,
1556 251 1669 288 diebus
1691 253 1815 293 Merou÷

400 311 459 350 rii,
481 311 570 352 Jovis
587 318 618 343 et
636 313 789 351 Veneris,
815 311 893 344 hora
907 312 932 344 Ι.

444 369 657 400 Oeconomiae
674 369 821 401 Politicae
841 368 997 412 principia
1015 364 1136 405 tradet,
1159 364 1272 398 diebus
1290 367 1399 398 Lunae
1418 372 1448 398 et
1466 367 1598 407 Martis,
1623 367 1700 399 hora
1717 369 1742 400 Ι.

444 425 485 455 Et
505 424 556 456 die
571 426 721 464 Veneris,
745 425 822 456 hor-a
841 424 912 457 XII.

441 481 631 512 Statisticam
648 504 658 519 ‚
688 481 750 511 hoc
766 471 877 520 anno,
894 479 1050 523 Belgicam
1073 487 1254 524 proponet,
1275 480 1388 513 diebus
1405 481 1533 520 Lunae,
1556 481 1667 512 Martis
1686 488 1717 514 et
1735 483 1821 519 Mer-3

487 539 588 577 curii,
611 538 690 570 hora
712 540 767 573 IV.

444 593 498 626 De
515 595 720 628 Lectionibus
746 595 988 639 Diplomaticis‚
1012 595 1063 629 vel
1087 597 1182 629 etiam
1208 596 1365 630 Historiae
1388 594 1560 634 Ponticae,
1585 594 1720 627 ulterius
1740 605 1818 628 con-

365 694 369 697 ?
489 652 607 684 stituet.

358 706 398 741 C.
426 708 455 749 J.
485 719 566 741 vAN
599 709 783 750 ASSEN‚
816 719 895 753 quas
924 712 1091 743 Lectiones
1129 708 1313 752 quibusque
1340 707 1430 741 horis
1459 708 1500 740 sit
1527 706 1713 746 habiturus,
1748 708 1822 749 post

402 762 493 796 ferias
514 764 678 798 indicabit.

354 930 400 964 N.
425 932 466 966 G,
491 942 573 967 vAN
596 933 848 974 KAMPEN,
870 934 930 966 Lit.
955 934 1064 965 Germ.
1092 933 1226 970 Lector,
1249 930 1422 964 Historiam
1446 930 1626 963 Literarum
1653 929 1826 968 Germani-f

398 1000 508 1021 carum
535 990 698 1028 narrabit,
722 990 836 1022 diebus
851 993 961 1023 Lunae
981 997 1013 1021 et
1032 988 1186 1028 Veneris,
1211 988 1289 1019 hora
1315 987 1372 1020 ΙΙΙ.
1422 1033 1425 1036 .
1817 996 1825 1000 ·

441 1049 576 1079 Poeseos
605 1049 813 1080 Germanicae
837 1047 950 1080 selecta
968 1047 1150 1090 specimina
1176 1045 1364 1091 explicabit,
1394 1044 1508 1077 diebus
1533 1035 1685 1078 Mercurii
1718 1050 1750 1076 et
1772 1034 1826 1076 flo-

486 1103 552 1140 vis,
579 1104 655 1133 hora
675 1104 730 1135 IV.
1638 1125 1639 1129 ,

356 1159 398 1192 C.
432 1158 469 1191 F.
504 1158 643 1190 RUPP
655 1159 683 1191 E
695 1181 705 1196 ,
733 1158 871 1189 Musices
891 1158 1006 1188 Lector
1018 1178 1029 1194 ‚
1052 1155 1244 1186 Harmoniae
1264 1142 1471 1186 fundamenta
1487 1162 1519 1186 et
1542 1154 1701 1198 principia
1724 1155 1822 1188 Com-⁴

401 1215 570 1259 positionis
588 1214 733 1245 Musicae
754 1213 901 1252 docebit,
925 1212 1039 1244 diebus
1061 1214 1169 1243 Lunae
1185 1217 1217 1242 et
1233 1211 1338 1249 hvis,
1362 1211 1438 1242 hora
1453 1211 1511 1243 111.

359 1272 403 1305 D.
435 1272 468 1304 P.
503 1270 770 1304 HUMBERT
801 1281 849 1304 DE
882 1267 1237 1307 SUPERVILLE,
1259 1269 1437 1299 Literarum
1469 1266 1649 1299 Italicarum
1684 1274 1716 1300 et
1747 1266 1846 1302 Galli.

400 1338 511 1359 carum
525 1329 638 1358 Lector
650 1349 660 1366 ,
679 1327 736 1358 has
751 1327 856 1358 literas
875 1326 976 1358 tradet
995 1325 1112 1358 diebus
1133 1326 1243 1358 Lunae
1257 1331 1288 1356 et
1305 1325 1394 1356 Jovis
1406 1346 1417 1363 ,
1441 1324 1520 1356 hora
1536 1325 1590 1357 IV.
1630 1353 1632 1359 ,

449 1385 538 1417 Idem
561 1385 594 1415 in
613 1383 743 1416 illorum
759 1384 893 1426 gratiam
906 1407 916 1423 ,
940 1385 998 1427 qui
1020 1389 1119 1414 artem
1138 1381 1330 1424 Graphicam
1348 1379 1479 1420 colunt,
1501 1381 1592 1424 signa
1608 1371 1827 1425 Antiquarum*

491 1448 686 1478 statuarum,
710 1451 784 1472 curn
809 1441 842 1471 in
859 1440 932 1472 loco
959 1451 1018 1471 suo
1040 1445 1135 1472 erunt
1161 1438 1329 1478 collocata,
1350 1439 1504 1471 llistorice
1531 1445 1562 1470 et
1587 1438 1767 1472 Aesthetice
1785 1439 1822 1472 il-

490 1497 657 1537 lustrabit,
680 1497 731 1529 die
749 1498 883 1530 Veneris
896 1521 905 1535 ‚
930 1497 1008 1529 hora
1028 1497 1053 1529 Ι.

362 1553 404 1588 ΙΙ.
437 1555 540 1588 ΤΑΥ
552 1555 618 1587 LO
630 1555 679 1594 R,
702 1555 879 1587 Literarum
903 1553 1112 1598 Anglicarum
1137 1555 1273 1592 Lector,
1295 1554 1351 1586 has
1369 1551 1475 1585 literas
1492 1552 1613 1594 tradet,
1638 1553 1726 1587 horis
1744 1554 1821 1589 dein

408 1612 597 1644 indicandis.
1803 1626 1826 1657 ¹—

367 1667 409 1701 C.
440 1668 480 1699 ll.
510 1671 539 1698 E
550 1670 578 1697 V
588 1669 613 1701 F
624 1669 648 1701 F
659 1669 686 1701 E
699 1669 764 1700 RT
774 1690 783 1706 ,
808 1668 1013 1701 Academicus
1022 1669 1236 1711 Equitationis
1256 1667 1425 1710 Magister,
1448 1674 1545 1699 artem
1559 1667 1723 1711 equitandi
1741 1677 1824 1711 quoe

410 1724 487 1756 tidie
508 1723 644 1754 docebit.

453 1780 620 1811 Theoriam
637 1781 711 1809 artis
727 1776 891 1820 equitandi
908 1784 1067 1822 exponet,
1091 1778 1142 1810 die
1157 1780 1243 1810 §ovis
1254 1801 1264 1817 ‚
1289 1778 1366 1810 liora
1379 1780 1420 1810 V.

370 1836 413 1872 G.
444 1835 534 1868 KNI
547 1835 569 1867 P
581 1835 603 1866 P
615 1835 641 1866 E
651 1835 681 1866 'N
691 1835 749 1866 BE
762 1835 791 1866 R
802 1835 850 1875 G,
876 1834 1085 1867 Academicus
1114 1837 1200 1869 Artis
1226 1836 1436 1869 Gladiatoriae
1463 1836 1630 1879 Magister,
1661 1842 1772 1880 aptum
1793 1839 1829 1870 ei

414 1893 587 1935 elegantem
602 1891 698 1934 gladii
719 1901 812 1923 usum
829 1890 972 1934 quotidie
988 1891 1124 1924 docebit.

1029 1963 1178 1982 m

1690 2017 1824 2051 ACTA
