1946 2517
308 211 326 238 4
656 201 1479 235 EUGENIIDAVIDS

354 284 461 315 Eadem
489 285 535 316 vis
558 293 625 323 ergo
652 285 741 314 vitam
773 290 801 314 et
824 292 911 322 regno
939 285 1056 315 animali
1081 291 1109 315 et
1133 287 1254 324 vegetali
1278 288 1437 324 conciliat,
1472 296 1547 325 quae
1572 295 1639 317 vero
1663 293 1690 318 et
1716 288 1753 317 ob
1779 288 1822 318 di-

317 337 480 367 versitatem
499 344 692 374 organorum,
714 336 820 372 cuique
843 337 1024 373 propriorum
1037 358 1047 374 ,
1078 343 1105 366 et
1124 338 1161 368 ob
1182 339 1310 368 diversas
1325 340 1495 376 relationes,
1516 339 1589 370 inter
1611 348 1642 369 ea
1659 346 1686 369 et
1704 348 1825 377 corpora

320 389 493 424 ambienda,
514 390 626 418 diversa
647 388 843 424 phaenomena
864 388 962 417 vitalia
984 389 1130 424 producit.

357 439 496 478 Quaestio
528 439 666 468 Chemica
698 438 774 468 unde
795 438 904 478 pendet
928 441 1072 477 vegetatio
1097 440 1303 472 Plantarum?
1332 442 1389 471 hoc
1423 451 1499 472 anno
1528 443 1564 472 ab
1586 442 1705 472 Ordinis
1730 443 1829 473 Disci-

319 491 462 528 plinarum
492 489 782 526 Mathematicarum‚
815 495 842 518 et
871 490 1055 527 physicarum
1083 492 1301 522 Professoribus
1330 493 1382 523 hac
1415 494 1444 523 in
1475 494 1628 524 Academia
1659 495 1828 532 Lugdune-

318 541 424 571 Batava
457 541 594 570 Alumnis
623 542 774 578 proposita
805 548 937 577 quaerere
962 542 1093 579 videtur,
1127 544 1176 580 (si
1203 545 1255 572 rite
1275 545 1489 582 perspexerim)
1518 546 1593 575 unde
1614 545 1741 583 pendeat
1763 546 1827 575 vita

312 594 513 632 plantarum,
544 592 605 622 sive
629 592 750 629 potius,
780 592 855 631 quid
885 593 1011 622 absoluta
1032 594 1146 633 plantis
1170 596 1363 626 necessarium
1387 598 1450 634 sit,
1477 602 1510 626 ut
1539 599 1630 626 vitam
1654 598 1829 635 peragant?

319 645 366 674 Ad
388 644 466 673 vires
492 652 591 679 meas,
627 652 699 680 quas
727 650 848 679 tenues,
879 652 974 680 neque
994 652 1163 682 argumento
1183 654 1284 683 pares,
1314 647 1422 684 optime
1450 649 1512 685 ipse
1539 648 1652 684 sentio,
1681 649 1711 677 in
1739 648 1829 677 hocce

318 697 474 725 certamine
503 694 730 732 periclitandas,
759 694 896 723 inductus
921 694 987 731 fui,
1016 701 1077 725 tum
1111 698 1270 732 argumenti
1296 698 1500 736 jucunditate,
1529 700 1676 735 studiique
1708 699 1828 728 chemici

319 748 483 783 suavitate,
504 753 566 776 tum
598 746 729 783 inprimis
757 754 811 782 eo,
841 746 920 782 quod
942 746 998 776 hoc
1020 747 1087 777 loco
1114 756 1173 778 non
1203 749 1310 785 requiri
1336 758 1477 779 censerem
1505 749 1683 786 perfectum,
1713 757 1741 778 et
1768 758 1829 779 om·

317 799 404 828 nibus
441 799 575 836 partibus
609 798 776 827 absolutum
807 798 887 828 docti
918 801 1016 835 opus,
1046 807 1145 830 verum
1173 801 1326 837 ‘spe‘ramen
1360 802 1512 831 conamina
1542 801 1680 839 juvenilia
1706 800 1832 831 forsitan

318 851 446 879 sufficere
466 858 566 887 posse.

357 902 597 931 Observaverunt
622 901 680 938 J'am
704 901 739 930 ab
768 901 948 939 Aristotele,
970 910 1090 933 naturae
1115 910 1292 933 scrutatores
1321 913 1372 941 per
1394 911 1486 934 totum
1516 913 1633 942 regnum
1663 902 1829 941 organicum

319 954 456 990 quaedam
485 953 680 989 phaenomena
708 952 805 982 vitalia
834 955 999 984 communia
1028 963 1112 991 esse,
1135 962 1189 984 tam
1218 964 1304 992 regno
1323 957 1463 992 animali,
1495 965 1579 991 quam
1600 956 1739 993 vegetali;
1762 949 1831 984 esum

318 1011 421 1033 rursus
452 1005 589 1040 quaedam
618 1004 791 1034 animalibus
825 1011 935 1033 tantum
966 1006 1084 1042 propria
1109 1013 1225 1035 essent:
1249 1003 1350 1035 exinde
1376 1008 1586 1036 concluderuut
1609 1015 1639 1035 ea
1662 1003 1840 1042 phaenome-'

320 1064 374 1091 na,
397 1063 469 1091 quae
497 1056 527 1084 in
547 1056 684 1084 omnibus
711 1056 884 1092 corporibus
913 1056 989 1086 vivis
1015 1056 1150 1091 aderaut,
1174 1058 1291 1092 proprie
1317 1057 1404 1085 vitam
1432 1058 1626 1092 constituere,
1649 1057 1716 1085 dum
1744 1057 1829 1085 altera

324 1114 348 1135 ta
354 1113 434 1135 ntum
472 1106 677 1135 commercium
707 1105 781 1136 inter
807 1096 937 1135 animalia
964 1112 992 1134 et
1017 1115 1139 1142 corpora
1169 1114 1247 1137 extra
1273 1108 1321 1136 illa
1346 1108 1442 1144 posita
1474 1107 1707 1137 manifestabant.
1750 1107 1839 1143 Hanc*

320 1158 408 1187 vitam
436 1157 616 1194 animalem,
648 1158 727 1186 illam
753 1158 840 1186 vitam
867 1159 1062 1195 vegetativam
1093 1165 1253 1194 vocarunt,
1284 1166 1315 1187 ut
1342 1158 1443 1188 exinde
1470 1159 1656 1194 denotarent,
1686 1158 1835 1196 primarias

320 1209 400 1239 vitae
421 1209 592 1238 universalis
613 1217 697 1238 notas
718 1199 834 1239 easdem
850 1217 913 1238 esse
934 1209 964 1237 in
984 1209 1159 1238 animalibus
1181 1218 1212 1238 ac
1234 1210 1262 1238 in
1285 1210 1406 1247 plantis.

357 1260 463 1290 Omnis
487 1267 579 1290 autem
609 1261 685 1290 vitae
718 1260 895 1298 vegetativae
926 1260 991 1289 finis
1016 1269 1051 1290 eo
1078 1261 1170 1297 redit,
1201 1268 1234 1289 ut
1261 1261 1415 1290 mixtionis
1445 1260 1595 1297 integritas
1630 1267 1777 1300 servetur,
1807 1268 1835 1291 et

319 1311 412 1352 forma
442 1312 536 1340 eadem
564 1311 698 1348 organica
725 1319 854 1347 maneat,
875 1320 953 1341 nova
979 1312 1061 1340 etiam
1089 1312 1257 1341 formationi
1283 1320 1435 1349 augmenta
1461 1313 1617 1347 accedant,
1637 1313 1745 1347 quibus
1761 1307 1837 1346 conss

320 1369 399 1391 stans
424 1368 450 1391 et
475 1362 624 1399 primitiva
647 1362 780 1400 corporis
805 1362 988 1399 partiumque
1016 1363 1166 1391 existentia
1191 1363 1327 1392 sustineri
1356 1362 1462 1399 possit.
1504 1363 1578 1392 Cum
1605 1362 1728 1398 quilibet
1753 1372 1837 1400 orgaq

321 1414 432 1442 nismus
455 1414 609 1451 seiunctus
636 1414 670 1442 ab
701 1411 860 1449 universo,
892 1413 1033 1442 hactenus
1063 1422 1233 1450 superesse,
1255 1421 1341 1449 atque
1367 1414 1486 1443 existere
1511 1413 1627 1449 possit,
1653 1412 1692 1441 ita
1713 1419 1744 1441 ut
1766 1422 1838 1443 con·

324 1465 436 1494 rinuum
465 1465 634 1494 conflictum
661 1473 726 1493 cum
749 1463 834 1492 rebus
860 1465 1007 1499 externis,
1040 1465 1172 1493 mixtioni
1201 1464 1305 1500 pariter
1331 1473 1363 1493 ac
1388 1464 1496 1493 formae
1517 1463 1611 1504 ipsius
1638 1462 1774 1500 infestis,
1796 1456 1845 1493 ita*

323 1516 522 1553 administret,
553 1523 580 1545 et
604 1517 761 1552 gubernet,
793 1521 824 1543 ut
846 1523 926 1543 suam
951 1515 1008 1544 sibi
1040 1515 1204 1544 efficientiae
1233 1516 1316 1551 quasi
1342 1515 1490 1550 sphaeram
1518 1521 1612 1550 creet3
1642 1515 1833 1544 necessarium

326 1569 407 1597 ctiam
430 1577 492 1597 esse
519 1568 655 1602 videtur,
687 1573 720 1595 ut
744 1565 870 1602 quodvis
896 1574 1004 1602 corpus
1039 1567 1218 1595 individuum
1245 1573 1273 1595 et
1300 1566 1505 1603 αὖτοδύνοιμαν,
1540 1567 1646 1594 luctam
1678 1574 1758 1601 eam,
1787 1567 1847 1599 ad-,

322 1628 422 1649 versus
452 1619 598 1656 potentias
629 1624 757 1646 externas
789 1617 826 1646 ita
854 1617 926 1645 ferat
951 1626 983 1646 ac
1012 1624 1110 1653 regat,
1140 1625 1172 1647 ut
1207 1617 1304 1645 vincat
1332 1625 1382 1645 aut
1412 1623 1502 1645 mutet
1527 1617 1626 1654 saltem
1658 1622 1835 1646 externarum

323 1677 414 1697 rerum
441 1671 578 1699 elementa
604 1676 632 1698 et
658 1668 834 1697 efficientias.
876 1668 984 1696 Omnes
1013 1676 1090 1696 nunc
1120 1668 1179 1696 fere
1207 1666 1374 1697 functiones
1401 1669 1475 1697 vitae
1509 1667 1684 1704 vegetativae
1716 1669 1838 1697 tendunt

322 1721 357 1750 ad
382 1720 617 1750 assimilationem
648 1720 853 1749 molecularum
885 1719 1051 1754 alibiiium,
1082 1720 1144 1748 sive
1185 1719 1392 1755 nutritionem,
1424 1718 1558 1747 absolute
1590 1719 1776 1748 necessariam
1801 1720 1836 1748 ad

323 1772 571 1802 conservationem
600 1771 733 1808 corporis
760 1770 841 1805 vivi,
874 1771 953 1806 quod
975 1773 1044 1808 (a)
1074 1774 1218 1800 continuo
1251 1771 1296 1799 vel
1328 1770 1468 1808 potentiis
1495 1769 1619 1798 externis
1644 1771 1690 1798 vel
1717 1771 1833 1806 propria

324 1823 514 1853 diminutione
545 1830 642 1861 partes
676 1820 857 1851 substantiae
892 1829 961 1850 suae
989 1822 1146 1857 amittens,
1176 1831 1243 1851 mox
1273 1828 1398 1851 cessaret
1431 1821 1547 1856 vivere,
1575 1820 1632 1848 nisi
1670 1820 1836 1850 detrimenta

326 1878 393 1904 naec
427 1875 566 1905 continua
594 1874 747 1904 functione
773 1872 910 1903 nutritiva
937 1881 1063 1911 reparare
1092 1880 1192 1912 posset
1225 1880 1253 1903 et
1280 1874 1309 1903 vi
1346 1871 1496 1908 dynamica
1533 1879 1548 1900 a
1572 1877 1671 1901 natura
1693 1879 1767 1901 esset
1795 1873 1841 1902 in-

1747 1930 1844 1953 struc-

353 2009 402 2036 Ιι)
419 2010 457 2032 Cf.
473 2010 608 2031 Arfmmn
627 2009 666 2033 lib.
679 2010 707 2032 ll.
723 2016 775 2037 cap.
789 2014 810 2035 4.
828 2010 856 2031 de
879 2009 958 2032 Ληίιπι
997 2009 1051 2032 Nam
1074 2007 1147 2032 aalma
1167 2009 1284 2030 nun'u’va
1305 2009 1374 2032 etlam
1396 2008 1447 2031 nli'u
1465 2007 1543 2037 luen,
1563 2011 1586 2029 et
1606 2005 1679 2035 primu
1693 2009 1717 2028 et
1733 2004 1844 2033 nuzino,

324 2052 448 2074 eommunis
464 2053 560 2074 neuim
576 2053 678 2080 animae,
691 2053 819 2077 secundnm
834 2056 902 2079 quam
917 2053 1023 2076 omnibns
1043 2052 1122 2076 vivere
1139 2051 1206 2077 inest.

1932 1239 1946 1280 .“.”·.
1932 1119 1946 1224 ττκῐ-Ᾰ-
1939 1097 1941 1105 <
1939 1066 1946 1087 ι·
1935 1046 1944 1056 ι
