1946 2517
280 162 315 201 38
629 159 747 198 JANI
787 155 1061 189 RUDOLPHI
1100 165 1173 187 vAN
1212 155 1432 187 MAANEN

323 244 376 273 Sed
392 243 455 281 jure
472 242 628 280 rogandum
647 242 717 270 mihi
735 241 867 276 videtur,
890 248 925 269 an
946 239 993 268 Cl.
1016 238 1192 267 Observator
1216 246 1380 268 accuratum
1399 245 1428 267 et
1449 244 1578 268 exactum
1603 249 1718 271 examen
1739 246 1787 272 to-·

287 295 345 324 tius
363 295 504 324 cadaveris
522 294 696 328 instituerit,
718 301 752 321 an
777 301 841 321 vero
861 292 931 320 aliae
952 291 1038 319 simul
1055 290 1200 320 adfuerint
1219 297 1332 320 naturae
1346 291 1538 321 aberrationes
1550 311 1560 328 2
1582 294 1660 322 verbi
1676 303 1761 324 causa
1774 315 1786 330 ‚

284 356 319 376 an
335 356 400 376 vera
414 367 424 382 ,
445 346 588 382 exquisita
604 345 690 373 fuerit
708 345 797 379 bilis,
819 352 891 380 quae
908 344 937 371 in
952 342 1063 379 cystide
1080 343 1286 378 reperiebatur,
1303 350 1408 371 numne
1420 343 1493 372 alius
1513 343 1629 380 liquor,
1647 352 1784 382 eatenus,

285 405 426 434 quatenus
449 396 516 424 bilis
542 397 722 432 receptaculo
748 395 972 429 continebatur,
1000 394 1064 423 bilis
1091 394 1250 429 dicendus,
1279 395 1328 423 sed
1349 401 1489 422 caeterum
1515 396 1666 424 multarum
1695 397 1784 426 orbus

279 450 391 478 illarum
415 449 605 484 qualitatum,
628 448 749 484 quaein
773 454 836 476 vera
860 445 937 481 bile,
968 445 1059 481 qualis
1080 445 1127 473 illa
1151 451 1215 480 est,
1237 454 1310 481 quae
1327 454 1342 474 e
1360 453 1447 474 venae
1473 452 1620 481 portarum
1645 448 1784 483 sanguine

278 499 455 534 secernitur,
477 500 622 528 observari
642 501 757 535 solent3
780 504 807 527 et
825 497 893 526 licet
918 498 1084 529 observatio
1111 499 1145 526 ab
1172 499 1249 527 omni
1271 505 1352 534 parte
1368 500 1493 534 valeret,
1515 505 1671 535 numquam
1692 507 1785 528 tamen

280 559 334 588 pro
352 558 522 587 argumento
541 552 638 580 haberi
656 558 755 587 posset
767 572 777 587 ,
799 550 953 585 absoluto,
976 559 1036 586 quo
1057 550 1194 578 naturalis
1219 556 1246 577 et
1264 551 1399 585 regularis
1418 558 1490 578 usus
1512 551 1626 579 arteriae
1639 551 1786 587 hepaticae

277 602 393 638 probari
412 608 528 638 posset,
550 603 593 631 uti
613 612 627 631 a
644 602 678 631 dc
694 602 764 630 Hcss
786 603 815 631 in
834 610 886 630 sua
906 601 975 630 diss.
998 601 1172 629 factumfuit
1193 601 1273 637 (a).
1297 601 1358 630 Cor
1368 602 1442 630 enim
1462 603 1584 637 pertinet
1600 603 1674 631 inter
1690 609 1784 639 partes

280 654 412 689 corporis
438 654 556 683 humani
576 663 648 690 quae
667 655 830 683 nullatenus
851 653 1009 683 voluntatis
1028 653 1150 688 imperio
1175 657 1245 680 sunt
1269 652 1432 689 subjectaeg,
1454 659 1545 682 exstat
1568 660 1661 683 tamen
1685 654 1786 683 obser—

276 705 355 733 vatio
377 713 392 733 a
414 705 607 734 Blumcnbach
631 713 800 741 memorata,
822 705 970 742 cujusdam
990 708 1101 744 Angli,
1124 707 1250 736 Tribuni
1271 707 1419 742 militum,
1442 707 1493 742 qui
1511 707 1607 735 cordis
1627 714 1655 735 et
1669 708 1783 736 arteria-

277 763 340 782 rum
361 762 469 784 motum
492 765 543 792 pro
559 757 676 786 arbitrio
695 758 873 794 supprimere
887 759 1000 788 valebat
1021 759 1102 796 (b);
1125 758 1197 786 hinc·
1211 765 1287 786 nunc
1307 758 1465 792 deducere,
1487 766 1538 786 cor
1555 758 1713 786 voluntatis
1730 758 1784 786 im·

277 807 357 841 perio
383 807 546 842 regulariter
573 808 735 845 subiectum
764 817 826 838 esse
841 829 851 845 ,
871 809 977 838 nemini
998 817 1074 839 certe
1096 808 1241 845 placebit3
1266 815 1293 837 et
1317 810 1414 837 eodem
1431 809 1494 845 jure
1511 808 1694 845 rejiciendum
1713 809 1783 837 mihi

276 857 389 886 videtur
404 859 524 893 petitum
546 859 729 889 corollarium
752 869 785 890 ex
809 861 1009 890 observatione
1032 861 1066 890 ab
1090 861 1255 897 Abernetlzy
1285 859 1371 889 facta.
1414 859 1533 888 IlIeckel
1549 865 1684 888 memorat
1699 850 1783 888 talem

277 906 481 940 aberrationem
499 911 544 940 vel
559 911 744 941 insertionem
759 920 846 942 venae
859 919 1006 949 portarum
1025 913 1054 942 in
1070 919 1168 941 venam
1184 919 1282 940 cavam
1305 911 1349 939 bis
1371 910 1464 940 fuisse
1481 911 1659 941 observatam
1680 911 1754 949 (c),

654 1164 924 1199 CAPUT
998 1160 1413 1209 QUINTUM.

407 1282 459 1305 DE
494 1284 766 1307 SECRETIONE
797 1285 906 1307 BILIS
933 1286 953 1306 A
984 1283 1202 1306 SANGUINE
1232 1281 1369 1302 VENAE
1401 1276 1639 1304 PORTARUM.

270 1435 301 1470 S·
314 1443 360 1466 20.
383 1402 555 1474 Largitur
571 1439 689 1476 sanguis
709 1440 864 1469 arteriosus
877 1461 887 1475 ,
911 1439 961 1475 qui
981 1447 1013 1468 ex
1037 1437 1178 1466 alimentis
1197 1437 1315 1473 chylum
1340 1435 1500 1468 assimilat,
1521 1435 1681 1471 materiem,
1704 1437 1783 1466 unde

274 1486 368 1515 onmia
386 1488 434 1517 illa
451 1490 610 1525 elementa,
632 1499 705 1526 quae
734 1499 842 1527 corpus
862 1499 912 1527 per
938 1498 1107 1526 processum
1130 1488 1243 1518 vitalem
1269 1486 1409 1515 continuo
1427 1485 1552 1520 amittit,
1574 1494 1706 1523 quaeque
1725 1495 1780 1518 suo

274 1538 368 1567 cilicio
385 1539 520 1570 defuncta
540 1548 629 1576 sunt,
653 1549 835 1578 reparantur,
858 1549 885 1570 ct
900 1550 915 1570 e
933 1550 988 1577 qua
1006 1541 1134 1577 liquores
1160 1539 1334 1575 multiplices
1358 1545 1409 1566 nec
1429 1544 1488 1565 non
1505 1536 1657 1566 admodum
1674 1537 1781 1567 diversi

272 1598 470 1623 secernuntur.
511 1592 680 1628 Sanguinem
703 1593 782 1621 illum
807 1593 915 1621 vehunt
938 1592 1074 1626 arteriae,
1096 1592 1125 1619 vi
1144 1590 1224 1619 vitali
1244 1589 1393 1626 praeditae.
1434 1587 1597 1623 Liquorum
1617 1595 1711 1617 autem
1729 1598 1778 1619 eo·

271 1651 332 1670 rum
362 1651 534 1673 secretorum
562 1643 751 1680 proprietates
777 1643 912 1673 differunt
939 1643 973 1671 ab
998 1643 1033 1670 iis
1053 1642 1202 1678 sanguinis
1225 1640 1366 1669 arrei-iosi.
1407 1639 1522 1667 Ductus
1551 1640 1699 1668 excretorii
1733 1648 1780 1669 se-

269 1702 364 1723 cretos
380 1695 516 1723 humores
537 1703 552 1723 e
567 1703 687 1731 corpore
701 1695 868 1730 eliminant,
890 1695 934 1723 vel
954 1694 982 1722 in
1000 1702 1100 1722 cavum
1113 1713 1123 1728 ,
1145 1694 1290 1721 diversum
1316 1692 1344 1719 in
1365 1699 1447 1719 usum
1460 1711 1469 1725 ,
1491 1690 1637 1719 emittunt.
1680 1691 1777 1720 Secre-

269 1745 348 1773 tioue
378 1753 405 1774 et
433 1745 590 1774 nutritione
617 1745 645 1773 in
671 1753 750 1781 parte
772 1747 940 1782 glaudulosa
962 1745 1083 1781 peractis
1098 1765 1108 1779 ,
1136 1743 1276 1780 sanguis,
1297 1742 1347 1778 qui
1374 1742 1419 1770 his
1442 1741 1572 1769 inserviit
1591 1749 1718 1771 venosus
1736 1741 1779 1771 fa-

269 1802 354 1832 ctus,
375 1804 509 1825 venarum
531 1797 648 1825 ramulis
665 1797 813 1833 hauritur,
835 1804 861 1826 et
880 1805 928 1834 per
947 1805 1080 1826 venarum
1100 1804 1222 1826 truncos
1246 1802 1346 1823 rursus
1370 1794 1404 1823 ad
1424 1801 1474 1822 cor
1491 1792 1652 1822 deducitur.
1695 1793 1778 1822 Stru-

1713 1852 1777 1873 ctu·

293 1929 347 1957 (fl)
369 1931 403 1951 Cs.
422 1930 445 1949 de
465 1931 533 1957 Hm,
551 1930 611 1952 Diu.
626 1929 650 1949 dc
669 1930 722 1955 nep.

292 1972 345 1997 (b)
368 1972 404 1993 (f.
422 1972 565 1991 l2'l1.v:(1:.='11:s-
577 1988 583 1997 ‚
606 1972 660 1993 1».‹:.
677 1971 742 1996 Psljs.
760 1971 781 1992 ξ’.
798 1970 847 1996 297.

295 2019 340 2038 χε)
363 2014 401 2035 Cf.
419 2012 583 2038 Isaetu'lr'fflnzhl,
602 2011 640 2032 du·
657 2012 753 2033 Amfis'r.
777 2012 821 2038 sut*
837 2011 872 2031 dle
888 2011 953 2037 Diffi,
969 2013 996 2034 V.
1034 2013 1069 2034 Cf,
1089 2011 1190 2038 .ἵῖιηῖκῄ
1205 2010 1220 2031 B
1246 2015 1264 2031 1.
1283 2016 1304 2037 p.
1318 2014 1369 2035 ²9⁰·

1939 949 1946 1063 ήκω-...Α

1926 1691 1936 1699 ·
1924 1679 1925 1682 ⁴
1916 1192 1946 1670 aevame
1938 1157 1946 1183 ...
1941 1128 1946 1146 i.
1942 1107 1946 1111 .
1944 1087 1946 1092 .
