1946 2517
747 162 1324 206 ΑΝΝοΤΑ“Τιο.’

459 266 547 294 mus,
568 261 664 286 utrum
685 257 817 294 propriae
831 254 1024 286 meditationis
1050 263 1124 291 ope,
1147 265 1183 286 an
1207 265 1257 293 per
1281 256 1401 286 aliorum
1426 257 1638 288 institutionem
1656 268 1715 290 eam
1733 262 1775 290 si.

458 317 524 339 mus
543 309 618 338 nacti
631 328 642 343 ,
660 315 689 337 et
711 317 726 337 a
749 309 922 344 quibusnam
942 306 1124 343 potissimum
1137 328 1149 344 ,
1169 314 1196 337 et
1213 316 1270 344 qua
1289 309 1418 344 ratione,
1440 317 1505 338 cum
1528 317 1621 340 tamen
1637 320 1695 341 eam
1715 313 1778 342 the·

458 361 506 391 sin
535 360 662 389 nondum
687 368 764 388 recte
791 359 977 395 intelligendo
1005 359 1121 396 simus,
1154 360 1305 397 multoque
1329 361 1444 397 minus,
1472 370 1573 391 verane
1598 364 1638 392 sit
1655 372 1690 392 an
1708 364 1780 394 falsa

464 412 606 440 sincerum
633 410 705 438 ferre
729 410 876 446 possimus
900 411 1060 447 judicium3
1083 410 1234 440 Rationem
1256 412 1330 441 enim
1354 418 1429 440 recte
1445 415 1607 443 consultam
1629 423 1778 451 nunquam

463 470 518 492 nos
535 461 652 496 fallere,
674 461 724 489 sed
740 469 802 489 esse
822 469 893 490 suos
913 462 1052 492 humanae
1071 463 1274 501 intelligentiae
1292 465 1363 494 fines
1382 466 1596 501 praescriptos,
1618 475 1693 501 quos
1709 469 1782 497 ultra

461 512 630 550 prospicere
653 513 725 542 velle
748 519 775 541 et
801 514 977 543 temerarium
1000 515 1039 543 sit
1062 521 1089 543 et
1107 516 1180 544 nulli
1199 515 1266 544 usui
1290 516 1442 552 futurum;
1467 517 1542 545 unde
1565 525 1784 555 consequatur,

461 563 606 592 interdum
622 565 754 593 standum
773 572 835 593 esse
851 566 1022 594 auctoritate
1041 566 1148 602 aliena,
1171 573 1197 595 et
1225 568 1332 596 nemini
1355 568 1447 596 tutius
1473 566 1553 596 fidem
1576 567 1784 605 haherivquam

467 613 526 643 illis
543 614 622 643 Viris
636 615 771 651 Sanctis,
798 615 869 651 qui,
897 624 961 644 cum
979 617 1138 646 doctrinam
1159 619 1320 654 traderent,
1343 619 1436 647 multo
1455 619 1673 654 sublimiorem,
1695 627 1784 655 qnam

469 671 504 694 ut
530 665 566 694 ab
590 665 721 701 ipsorum
748 667 967 703 perspicacitate
991 668 1138 704 proficisci
1165 669 1313 705 potuerit,
1345 676 1407 698 tum
1437 669 1510 698 haud
1540 669 1635 698 dubiis
1661 670 1788 705 peculia-

470 717 511 746 ris
526 725 611 745 curae
627 717 740 746 divinae
751 723 779 746 et
789 719 889 747 auxilii
904 718 1099 755 documentis,
1115 727 1251 756 tanquam
1265 719 1434 756 Legationis
1444 721 1557 749 divinae
1575 727 1601 749 et
1615 721 1783 756 aequalibus

471 775 501 797 et
523 768 648 804 posteris
667 769 725 797 sint
741 770 948 809 commendatig,
970 773 1000 802 id
1023 774 1104 810 quod
1128 773 1203 802 haud
1226 773 1265 802 ita
1282 772 1395 802 difficile
1413 773 1452 802 sit
1470 781 1536 801 cum
1557 774 1593 802 ad
1610 775 1789 810 perspicien-

468 820 557 856 dum,
578 827 639 849 tum
660 821 695 849 ad
710 821 908 858 iudicandum.

504 871 612 900 Verum
629 879 665 901 ne
683 872 767 907 illos,
790 881 825 902 ex
838 874 924 903 altera
941 881 1039 913 parte,
1056 877 1160 906 melius
1175 885 1253 906 suam
1273 884 1330 906 rem
1349 884 1431 913 agere
1446 881 1602 913 putemus,
1624 875 1676 911 qui
1691 875 1791 905 Philo-

475 922 597 958 sophiae
617 922 647 951 in
667 922 827 960 Theologia
843 932 927 953 usum
943 935 1093 963 spernunt.
1114 929 1196 967 Quae
1209 928 1283 958 enim
1296 949 1307 965 ,
1326 927 1365 957 ita
1381 934 1412 956 ut
1429 934 1576 963 statuant,
1593 935 1643 956 eos
1654 934 1792 964 movent,

473 973 559 1003 facile
574 981 605 1002 ea
623 975 780 1003 solvuntur
796 981 824 1003 et
835 975 1007 1008 refutantur.
1045 979 1120 1008 Nam
1139 980 1282 1016 principio
1298 979 1530 1014 observandum,
1550 978 1790 1014 Philosophiam,

474 1033 548 1061 quae
562 1025 717 1063 Theologo
744 1029 936 1058 commendari
952 1036 1095 1066 meretur,
1116 1038 1176 1060 non
1199 1038 1261 1059 esse
1287 1030 1410 1066 partium
1430 1029 1615 1065 quarumdam
1633 1036 1682 1058 aut
1698 1035 1793 1057 sectae

468 1076 622 1113 studium,
640 1085 699 1113 quo
714 1080 778 1107 sive
793 1087 992 1109 Ammo-rur
1007 1087 1055 1109 aut
1071 1089 1235 1117 PLATONI,
1255 1081 1317 1110 sive
1327 1088 1492 1109 Lemma-ro
1505 1086 1555 1108 aut
1572 1087 1694 1108 κΑΝτιο
1712 1080 1751 1109 ita
1766 1086 1794 1108 te

476 1127 590 1155 addicas
599 1147 611 1162 ,
625 1128 697 1156 utin
709 1136 807 1157 eorum
820 1130 904 1159 verba
913 1133 992 1167 jures
1005 1140 1016 1168 3
1034 1131 1119 1169 cuius
1131 1139 1315 1167 consequens
1332 1130 1389 1159 fere
1404 1130 1443 1158 sit
1452 1150 1463 1164 ‚
1487 1136 1519 1158 ut
1536 1129 1659 1158 Scholae
1669 1135 1696 1157 et
1706 1129 1798 1158 ratio-

476 1178 524 1207 nis
541 1178 663 1215 alicuius
680 1179 872 1216 philosophae
891 1183 1049 1212 auctoritas
1067 1191 1214 1219 supremae
1228 1191 1305 1221 μευ
1325 1189 1460 1212 efflus'rl
1476 1180 1598 1217 ejusque
1613 1179 1794 1218 Legatorum

476 1227 642 1256 auctoritati
658 1235 867 1267 anteponatur3
887 1233 937 1261 sed
950 1241 1014 1262 esse
1029 1233 1148 1262 liberum
1160 1235 1264 1270 pariter
1278 1240 1305 1263 et
1322 1234 1450 1269 prudens
1461 1231 1589 1260 veritatis
1601 1237 1628 1259 et
1638 1230 1798 1266 sapientiae

479 1277 606 1306 studium
617 1299 628 1314 ‚
649 1279 709 1308 sive
726 1279 818 1316 ipsam
835 1282 905 1311 adeo
921 1282 1074 1312 Rationem
1094 1283 1247 1313 humanam
1264 1283 1356 1312 indies
1373 1283 1463 1319 magis
1479 1283 1627 1319 magisque
1641 1282 1797 1311 excultam.

478 1329 552 1358 Dein
562 1350 573 1365 ,
593 1330 618 1358 si
635 1330 684 1365 qui
696 1330 822 1368 fuerint,
840 1341 914 1368 quos
926 1333 1018 1362 fuisse
1033 1333 1169 1370 fatemur,
1184 1334 1235 1370 qui
1256 1333 1442 1363 Christianae
1454 1332 1602 1369 religionis
1620 1332 1795 1369 doctrinam,

478 1380 528 1409 vel
543 1380 573 1408 in
592 1381 757 1410 universum
769 1402 780 1417 ,
799 1384 843 1411 vel
862 1391 938 1412 certe
956 1387 1035 1421 quod
1045 1387 1080 1414 ad
1092 1386 1231 1415 nonnulla
1241 1387 1303 1423 ejus
1315 1385 1441 1421 Capita,
1457 1384 1492 1412 ad
1503 1384 1602 1413 Sectae
1613 1404 1623 1419 ,
1644 1384 1692 1412 cui
1709 1384 1802 1420 potis·

477 1432 582 1460 simum
602 1432 730 1462 faverent
741 1454 751 1469 ,
772 1433 966 1472 philosophae
983 1438 1089 1474 placita
1106 1445 1133 1466 et
1150 1439 1259 1467 decreta
1275 1435 1523 1466 accommodarent
1540 1441 1567 1462 et
1584 1434 1717 1471 fingendo
1740 1441 1802 1464 tor.

483 1483 655 1519 quendoque
671 1492 883 1522 perverterent,
904 1495 952 1516 eos
972 1490 1087 1524 quidem
1106 1489 1158 1518 hac
1175 1491 1204 1519 in
1224 1497 1252 1518 re
1267 1489 1374 1518 nimios
1391 1487 1481 1516 fuisse
1497 1492 1525 1515 et
1541 1486 1662 1522 graviter
1678 1495 1801 1523 errasse,

483 1543 578 1571 neque
594 1543 687 1566 tamen
707 1539 773 1567 inde
796 1540 862 1576 cogi
878 1549 988 1578 posse,
1009 1543 1205 1579 quodcunque
1229 1548 1244 1568 e
1269 1538 1517 1575 Philosophorum
1544 1537 1801 1573 meditationibus,

479 1587 526 1615 vel
543 1587 578 1615 ad
601 1588 788 1624 explicanda,
809 1591 854 1618 vei
869 1592 903 1619 ad
925 1594 1166 1629 demonstranda,
1188 1592 1233 1620 vel
1249 1592 1283 1620 ad
1305 1590 1474 1619 vindicanda
1495 1590 1632 1617 revelatae
1653 1589 1804 1625 religionis

481 1636 585 1673 Capita
597 1658 608 1673 ,
629 1639 657 1666 in
673 1637 698 1666 T
703 1638 862 1676 heologiam
883 1643 1003 1672 derivari
1022 1645 1117 1679 possit
1135 1642 1254 1672 luminis
1273 1641 1317 1669 vel
1331 1640 1413 1676 plane
1431 1640 1584 1668 arcendum
1602 1647 1688 1674 esse,
1708 1640 1753 1667 vel
1770 1639 1801 1668 in

484 1686 593 1716 fraudis
612 1695 639 1716 et
657 1688 784 1718 fallaciae
801 1693 997 1727 suspicionem
1013 1695 1136 1723 incidere
1151 1692 1322 1722 necessario.
1344 1691 1477 1727 Denique
1488 1711 1498 1725 ,
1517 1691 1657 1726 quicquid
1674 1690 1700 1718 T
1704 1691 1805 1719 heolo-

486 1738 515 1774 εἰ
527 1758 536 1773 ,
557 1738 772 1775 Philosophiam
793 1740 916 1771 Sanctae
935 1743 1114 1779 Disciplinae
1129 1745 1318 1779 adhibentes,
1339 1742 1480 1771 interdum
1498 1741 1603 1770 fuerint
1616 1742 1803 1778 hallucinati,

488 1796 548 1817 non
573 1789 668 1818 omnia
686 1796 776 1819 tamen
788 1811 798 1826 ‚
821 1799 894 1827 quae
910 1801 944 1822 ex
962 1795 1071 1824 sororia
1086 1796 1133 1825 illa
1157 1796 1282 1825 scientia
1301 1794 1501 1825 arcessiverint
1514 1814 1524 1830 ‚
1543 1794 1713 1830 opinionum
1726 1802 1807 1824 com-

487 1840 612 1875 mentis,
635 1848 705 1875 quae
720 1841 793 1870 delet
805 1842 888 1878 dies,
907 1848 1080 1876 accensenda
1095 1855 1176 1883 esse,
1199 1849 1249 1876 scd
1273 1854 1299 1875 et
1318 1847 1433 1882 Patres,
1454 1846 1502 1882 qui
1523 1851 1683 1879 vocantur,
1705 1845 1807 1874 Eccle-

488 1890 546 1919 siae
564 1891 615 1919 hac
633 1891 745 1920 demum
768 1893 876 1923 ratione
891 1902 924 1924 ut
941 1897 1076 1926 Ethnicis
1096 1897 1283 1934 Philosophis
1308 1897 1429 1926 feliciter
1448 1897 1609 1931 restitisse,
1631 1895 1671 1924 ita
1683 1896 1809 1926 aliorum

490 1943 574 1972 etiam
598 1952 729 1980 errores,
749 1945 899 1976 Sacrarutn
927 1950 994 1979 licet
1019 1951 1200 1985 Literarum,
1222 1949 1271 1978 sed
1286 1956 1431 1985 perperam
1457 1947 1683 1981 intellectarum,
1701 1953 1805 1976 aucto-

491 1994 575 2023 ritate
595 1996 811 2028 commendatos
835 2006 863 2028 et
884 2008 1104 2040 propugnatos,
1125 2001 1325 2038 redarguisse3
1342 2008 1369 2029 ct
1389 1998 1590 2030 scholasticos
1605 2004 1718 2028 crassae
1733 1997 1804 2027 Mo·

1761 2057 1815 2081 122-
