1946 2517
717 110 1132 148 oR'ATIO.
1638 132 1662 164 9

225 206 337 237 Dicam
371 204 490 248 igitur,
525 203 567 236 de
599 203 770 237 condenda
803 205 866 236 lzac
899 206 933 238 in
967 207 1045 238 urbe
1072 206 1189 239 Schola
1220 208 1364 250 Cl1>1ica3
1396 214 1427 244 c'n
1452 215 1658 248 commodum

184 261 428 304 Clzz'turgorwn,
460 272 571 292 eorum
588 265 774 304 praesertim
791 286 799 300 ,
827 266 884 305 qui
904 266 970 293 ruri
992 271 1092 294 artem
1108 266 1235 302 sc‘zclurz'
1252 269 1321 299 sint.

224 320 291 351 Vos
320 321 360 351 A.
385 320 429 350 A.
455 319 482 349 si
512 317 640 349 utilitati
667 317 812 361 publicae
844 317 975 358 favetis,
1010 320 1110 357 mihi,
1144 332 1307 362 caussam,
1339 335 1412 356 cum
1440 326 1577 359 utilitate
1595 340 1655 372 pu-

159 373 241 406 blica
264 375 490 416 conjunctam,
525 374 662 406 breviter
685 381 817 412 acturo,
853 374 971 418 linguis
995 377 1175 420 animisque
1198 377 1310 412 favete.

224 486 419 529 Quicunque
451 486 490 517 ab
522 497 586 517 una
613 494 700 530 parte
726 486 808 518 bene
839 494 1018 529 perspectas
1047 487 1159 520 habeat
1191 488 1379 530 latissimas,
1412 480 1491 535 quas
1521 495 1661 537 ingenti¹

178 541 302 574 ambitu
329 543 487 582 Medicina
512 543 757 586 complectitur,
791 544 955 586 regis>nes3
988 543 1028 574 ab
1055 544 1151 576 altera
1178 557 1277 584 vero,
1311 549 1503 580 arctissimos
1528 552 1664 583 intuea-'

175 604 229 629 tur
257 600 379 642 ingenii
410 599 543 630 humani
570 599 671 637 fines,
708 608 739 631 et
767 599 889 630 diversa
919 599 1089 630 hominum
1117 602 1353 645 contempletur
1378 605 1506 644 studia,
1548 607 1653 639 diver-

174 665 289 698 sasque
311 655 492 687 facultates:
526 659 554 688 ei
582 658 699 686 mirum
726 667 792 686 non
818 655 998 691 videbitur,
1033 663 1068 687 ut
1094 657 1242 699 equidem
1271 661 1407 702 opinor,
1440 662 1651 704 quemadmo-

171 710 250 742 dum
277 711 355 743 aliae
382 712 568 755 disciplinae
592 714 626 742 in
654 723 726 742 suas
756 718 860 753 partes
886 718 962 742 sunt
992 711 1156 752 divulsae,
1199 716 1240 745 ita
1267 715 1470 757 Chirurgiam
1496 728 1645 760 quoque,

171 768 212 799 ab
249 769 480 811 antiquissimis
515 768 589 799 inde
628 768 858 810 temporibus,
902 778 918 798 a
954 768 1137 807 medicina,
1185 781 1252 801 non
1283 778 1407 802 tantum
1439 773 1650 805 institutionis

169 835 278 856 caussa
316 824 412 856 fuisse
446 825 645 867 sejunctam,
678 824 733 855 sed
761 835 777 854 a
803 824 937 855 diversis
962 835 1092 867 quoque
1117 824 1304 858 hominibus
1331 829 1500 858 exercitam
1528 828 1645 869 fuisse,

169 888 266 925 atque
298 882 467 914 excultam.
520 885 558 913 Et
593 894 686 921 sane,
716 883 782 924 jam
814 888 888 912 ante
917 881 1093 912 Erasistrati
1118 888 1149 912 et
1178 883 1341 925 Herophili
1376 890 1539 927 tempora,
1571 887 1644 917 uni·

171 949 263 969 versa
290 938 439 969 medendi
463 938 633 981 disciplina
659 950 725 969 uon
754 944 878 968 tantum
904 938 937 967 in
963 936 1042 967 duas
1067 936 1160 968 hasce
1182 937 1310 969 diducta
1336 939 1396 970 fuit
1424 947 1545 983 partes,
1577 944 1644 973 Me-

168 993 335 1036 dicinam,
373 997 502 1037 proprie
534 995 579 1025 sic
613 993 754 1032 dictam,
798 1000 829 1024 et
861 993 1085 1035 Chirurgiam3
1131 993 1186 1025 sed
1222 993 1330 1036 plures
1359 996 1454 1027 etiam
1480 1005 1640 1058 receperat

168 1051 357 1095 partitiones
381 1057 412 1082 et
436 1050 682 1085 subdivisiones.

210 1110 250 1139 Et
274 1107 437 1151 profect0‚
469 1101 582 1139 verum
608 1109 648 1139 sit
676 1108 837 1138 Ciceronis
861 1105 941 1138 illud
970 1104 1100 1137 effatum
1125 1105 1192 1146 (de
1215 1108 1302 1139 Orat.
1326 1109 1392 1145 111,
1423 1109 1501 1149 33.)
1536 1121 1551 1137 α
1575 1109 1635 1140 dis-

165 1164 337 1197 tributione
365 1166 510 1207 partium
541 1174 581 1194 ac
602 1164 805 1206 separatione
828 1161 1061 1204 magnitudines
1088 1164 1206 1194 artium
1235 1174 1298 1195 esse
1325 1163 1539 1204 diminzcms‚”
1564 1173 1641 1198 atta-

166 1232 267 1261 men,
306 1220 465 1265 quidquid
500 1227 612 1252 contra
646 1222 727 1251 hane
759 1219 938 1260 chirurgiae
973 1230 990 1249 a
1021 1220 1178 1251 medicina
1213 1222 1446 1264 separationem
1485 1222 1638 1256 obiiciant

162 1277 336 1317 nonnulli,
378 1279 589 1310 certissimum
620 1283 651 1309 et
676 1277 869 1319 experientia
898 1276 973 1307 satis
1002 1276 1246 1319 comprobatum
1273 1288 1340 1309 esse
1375 1278 1453 1309 mihi
1487 1279 1634 1318 videtur,

160 1347 231 1367 eam
262 1346 318 1367 sua
351 1335 466 1366 habere
495 1334 674 1380 commoda.
735 1335 816 1365 Nam
845 1335 878 1364 in
900 1335 1088 1365 universum
1114 1345 1268 1378 quoque,
1295 1335 1366 1366 licet
1387 1343 1471 1367 recte
1490 1336 1636 1368 videatur

134 1392 245 1423 .idem
278 1392 402 1421 Tullius
438 1402 568 1431 negasse
615 1403 630 1417 a
654 1401 727 1420 cum
762 1397 837 1421 esset
868 1391 1081 1432 Hippocrates
1112 1390 1164 1421 ille
1198 1391 1282 1422 Cous
1298 1413 1307 1427 ‚
1329 1393 1432 1428 ,facisse
1461 1398 1526 1422 tum
1552 1392 1634 1424 alios

159 1447 320 1485 medicos,
357 1449 413 1489 qui
440 1447 575 1484 morbis,
610 1447 709 1484 alios,
745 1446 801 1488 qui
833 1444 1027 1484 vulneribus,
1053 1444 1153 1484 alios,
1187 1447 1245 1488 qui
1269 1445 1365 1476 oculis
1395 1446 1634 1486 mederentur,”

159 1506 230 1537 fieri
252 1512 358 1536 tamen
375 1504 464 1534 aliter
482 1513 547 1534 non
566 1503 689 1546 potuit,
714 1506 814 1545 quin,
839 1513 912 1533 cum
930 1504 993 1534 vita
1008 1502 1131 1542 brevis,
1152 1513 1202 1534 ars
1221 1510 1326 1534 autem
1347 1503 1442 1546 longa
1459 1505 1518 1543 sit,
1542 1516 1629 1536 sum-

156 1565 202 1594 mi
220 1562 266 1594 illi
285 1562 367 1602 viri,
391 1562 617 1603 Hippocrates,
640 1559 804 1598 Galenus,
827 1560 903 1597 alii,
929 1559 1081 1590 omnibus
1107 1559 1282 1590 medicinae
1302 1559 1445 1602 partibus
1477 1562 1629 1594 instructi

153 1630 269 1663 easque
303 1623 502 1656 exercentes3
538 1618 617 1660 quin
645 1616 691 1647 illi
722 1618 840 1659 igitur,
871 1618 1017 1648 intanto
1057 1627 1165 1648 rerum
1208 1615 1443 1647 tractandarum
1484 1617 1629 1657 ambitu,

155 1675 307 1718 temporis
334 1675 489 1716 angustiis
517 1676 771 1717 circumscripti,
796 1674 904 1704 omnia
929 1673 1063 1704 minoris
1099 1673 1254 1703 momenti
1282 1671 1387 1703 officia
1410 1673 1540 1715 explere
1563 1685 1630 1705 non

152 1734 343 1775 potuerint,
382 1730 437 1761 sed
465 1730 581 1761 horum
610 1738 730 1773 partein
758 1729 896 1773 aliquam
923 1731 990 1761 suis
1013 1729 1193 1771 relinquere
1223 1732 1387 1768 ὑπνσεταῖς
1411 1728 1590 1761 debuerint.

195 1791 305 1829 Quum
331 1789 430 1830 igitur
453 1789 485 1819 in
511 1787 686 1819 exercenda
716 1795 782 1818 arte
798 1789 861 1829 jam
880 1789 1052 1818 necessaria
1070 1785 1165 1816 fuerit
1181 1788 1248 1816 visa
1268 1786 1424 1827 separitio
1446 1786 1604 1828 quaedam
1617 1809 1628 1825 ,

150 1858 227 1879 mox
253 1846 369 1881 etiam,
409 1852 578 1887 postquam
612 1845 805 1886 pedetentim
837 1844 1000 1887 pomoeria
1030 1842 1178 1873 scientiae
1208 1840 1346 1872 medicae
1375 1847 1450 1870 sunt
1479 1841 1619 1882 pruina,

148 1904 348 1946 majoresque
383 1900 457 1933 iude
488 1907 614 1933 exortae
639 1907 714 1932 sunt
752 1900 955 1933 difficultates
976 1923 986 1938 ‚
1026 1900 1126 1942 magis
1159 1900 1255 1930 etiam
1293 1897 1496 1941 partitionem
1537 1897 1622 1929 illam

966 1957 988 1986 B
1582 1952 1627 1983 sa-
