1946 2517
302 150 622 182 COMMENTATIO
643 159 686 181 an
707 150 1013 191 QUAESTIONEM
1033 150 1377 184 PHILOSOPfflCAM.
1559 161 1593 190 33

55 248 59 254 ·
82 235 262 265 constituant
290 235 333 263 vel
359 241 479 271 augeant
502 236 546 264 vel
573 241 705 270 servent,
727 242 761 262 an
792 242 890 265 contra
912 235 936 264 si
961 235 1048 266 homo
1068 235 1152 265 nihili
1178 243 1223 263 eas
1248 236 1355 264 ducens
1387 243 1462 265 recte
1483 243 1555 270 agat.

129 286 221 315 stoici
249 287 343 315 omnia
367 295 464 316 eornm
492 295 562 322 quae
587 293 656 314 sunt
683 286 764 322 ajunt
789 286 842 314 alia
865 295 927 315 esse
949 287 1041 323 hona,
1062 289 1114 316 alia
1143 287 1223 316 mala
1248 287 1300 315 alia
1320 294 1426 315 neutra
1447 288 1534 325 Diog.
1553 289 1592 320 L.

86 338 156 368 vn.
178 346 244 367 101.
283 338 360 368 Plut.
388 338 423 366 de
445 346 523 366 com.
551 344 650 366 contra
673 336 766 366 Stoic.
799 336 893 366 Cone.
921 346 946 367 c.
970 347 1018 376 14.
1043 345 1070 367 et
1092 339 1171 367 Sext.
1192 339 1278 373 Emp.
1298 339 1363 367 adv.
1383 338 1477 367 Math.
1495 340 1547 368 XI.
1565 350 1593 377 3.

122 389 232 419 Bonum
257 390 299 417 sic
321 389 524 418 definiverunt.
564 389 676 417 Bonum
707 388 899 416 communiter
927 389 955 417 id
983 398 1047 418 esse
1078 390 1158 425 quod
1193 390 1231 417 sit
1259 390 1354 425 utile,
1382 390 1498 426 proprie
1528 400 1595 419 vero

82 446 135 469 aut
159 440 241 468 istud
261 442 375 477 ipsum,
397 445 445 468 aut
469 440 503 468 ab
529 439 654 467 utilitate
687 447 746 467 non
773 439 907 469 alienum.
938 440 1028 476 Diog.
1056 441 1154 470 Laert.
1183 440 1247 470 Vll.
1269 448 1317 478 94.
1358 441 1512 470 Summum
1542 442 1594 471 bo·

82 499 151 520 num
179 498 240 527 est,
263 492 342 526 quod
365 491 517 519 honestum
544 496 587 518 est
611 490 743 526 (Seneca
765 490 823 526 Ep.
844 499 890 528 71·
920 491 960 520 T.
983 492 1034 520 111.
1067 501 1097 528 p.
1119 493 1213 528 ⁴227.)

119 542 208 579 Igitur
236 542 311 570 nihil
334 541 390 570 nisi
413 541 517 570 Virtus
538 541 646 570 bonum
671 542 727 569 dici
752 542 846 572 debet.
887 542 925 571 Et
953 543 1014 578 ipse
1042 551 1159 578 quoque
1185 543 1328 579 Diogenes
1351 543 1423 572 inter
1456 543 1530 573 bona
1555 544 1595 574 nil

77 594 135 624 nisi
158 594 279 622 virtutes
305 599 449 620 enumerat
473 600 558 621 atoue
581 593 701 629 exempli
729 594 817 630 gratia
843 594 938 623 affert:
970 595 1084 633 (Diog.
1112 594 1212 622 Laiirt.
1236 593 1304 623 Vll.
1326 595 1408 631 102.)
1429 595 1503 623 bona
1527 602 1597 623 sunt

58 645 221 680 ⁴virtutes‚
251 643 422 679 prudentia,
445 644 577 679 justitia,
599 644 764 680 fortitudo,
786 646 969 681 temperantia
996 653 1024 674 et
1041 652 1129 674 cetera
1152 646 1180 673 id
1207 653 1309 681 genus.

117 696 206 724 Mala
226 702 295 723 sunt
319 695 363 723 his
386 695 546 723 virtutibus
571 696 707 731 opposita
731 696 825 726 vitia:
853 697 1065 732 imprudentia,
1093 695 1234 733 injustitia
1259 703 1286 725 et
1319 703 1420 728 cetera.
1447 697 1535 734 Diog.
1559 697 1596 727 L.

59 747 143 777 ·Vll.
164 755 228 776 102.
270 746 374 775 Sextus
396 747 482 782 Emp.
512 746 549 775 L.
568 747 619 776 Xl.
641 748 679 783 64
700 754 727 776 et
747 756 796 784 90.

118 797 323 834 Indiffcrentia
349 804 416 826 sunt
443 806 474 826 ea
501 806 572 834 quae
599 806 691 834 neque
715 806 840 834 prosunt
874 807 965 835 neque
997 799 1128 834 obsunt,
1158 805 1190 827 ut
1214 805 1257 827 est
1282 799 1360 835 vita,
1389 799 1515 835 sanitas,
1545 809 1597 829 vo·

77 850 196 886 luptas,
216 849 402 886 pulcritudo,
423 857 515 886 opes,
539 850 651 886 gloria,
683 850 845 886 nobilitas3
863 857 890 879 et
913 851 1082 888 aegritudo,
1104 859 1182 879 mors
1198 871 1207 886 ,
1229 850 1330 884 dolor,
1354 851 1525 887 turpitudo,
1547 851 1590 879 in-

79 901 219 937 firmitas,
248 901 364 937 inopia,
395 901 582 937 obscuritas,
616 908 705 937 atque
730 902 895 938 ignobilitas
919 909 947 930 et
973 902 1018 930 liis
1044 902 1157 932 similia.
1201 902 1305 930 Omnia
1329 902 1397 930 haec
1423 908 1492 930 sunt
1517 902 1597 932 ἀδιά-

62 957 150 991 ςφρρω
174 953 194 982 i.
215 961 239 982 e.
264 951 451 981 indifferentia
474 952 551 989 (1).
604 950 679 981 Nam
708 961 766 981 non
790 952 882 989 magis
906 959 1032 989 prosunt
1058 961 1143 989 quam
1169 958 1275 982 nocent
1303 959 1374 988 opes
1408 959 1495 987 atque
1524 952 1601 981 sani·

59 1011 143 1040 was,
169 1013 256 1041 quare
281 1012 332 1033 nec
358 1012 427 1040 opes
456 1011 506 1032 nec
534 1005 640 1033 sanitas
668 1006 742 1034 bona
765 1011 846 1034 sunt.

116 1055 195 1085 Haec
217 1063 311 1085 tamen
337 1054 526 1083 indifferentia
548 1056 590 1084 sic
614 1056 837 1093 distinguuntur
858 1066 874 1086 a
895 1056 1018 1086 Stoicis.

75 1117 78 1119 ·
116 1107 140 1137 1.
169 1106 319 1136 producta
342 1108 518 1143 προηγμένα,
546 1116 618 1143 quae
645 1107 750 1137 habent
777 1108 1002 1137 aestimationem
1032 1107 1112 1145 (α).
1158 1105 1395 1136 Aestimationem
1423 1110 1513 1133 autem
1544 1113 1595 1133 vo-

77 1164 147 1188 tant
173 1159 256 1187 aliam
283 1158 397 1194 quidem
424 1167 496 1194 quae
515 1158 646 1187 conferat
671 1158 782 1194 aliquid
809 1159 844 1187 ad
866 1165 1086 1188 consentaneam
1106 1158 1193 1186 vitam
1208 1178 1218 1192 ,
1249 1165 1322 1192 quae
1346 1157 1421 1185 circa
1446 1164 1528 1184 omne
1545 1157 1597 1184 bo-

60 1218 147 1241 'num
171 1217 235 1246 est,
257 1210 340 1238 aliam
369 1219 437 1239 vero
466 1211 583 1239 mediam
609 1211 758 1246 quamdam
783 1211 842 1239 vim
874 1218 957 1246 esse,
986 1214 1047 1238 aut>
1065 1217 1152 1238 usum
1182 1208 1313 1237 conferre
1337 1208 1373 1236 ad
1400 1215 1459 1236 eam
1488 1208 1596 1242 vitam,

54 1276 59 1280 —
81 1269 154 1298 quae
181 1261 219 1290 sit
243 1261 399 1290 secundum
421 1269 568 1297 naturam,
593 1262 672 1297 quod
696 1263 767 1290 idem
794 1269 838 1292 est
853 1254 893 1292 ”ac
913 1262 939 1291 si
962 1262 1091 1291 dicamus
1114 1270 1198 1297 quem
1219 1268 1303 1288 usum
1325 1260 1360 1288 ad
1385 1259 1471 1288 vitam
1495 1266 1598 1287 secun-

54 1313 147 1341 ·dum
177 1319 307 1342 naturam
336 1312 493 1341 conferunt
520 1319 590 1347 opes
619 1321 650 1341 ac
676 1313 799 1342 sanitas:
828 1314 910 1341 aliam
937 1321 999 1342 esse
1021 1313 1268 1346 aestimationem,
1290 1309 1404 1347 probati
1430 1309 1597 1338 retributio-

55 1372 61 1376 ·
80 1371 143 1392 nem
155 1373 172 1399 ,·
187 1371 271 1400 quam
295 1363 407 1400 peritus
426 1371 517 1391 rerum
532 1365 686 1399 statuerit,
708 1364 787 1399 quod
810 1365 978 1401 huiusmodi
996 1370 1039 1393 est
1057 1372 1089 1393 ac
1115 1364 1142 1393 si
1160 1363 1290 1392 dicamus
1303 1383 1313 1398 ,
1334 1368 1510 1391 commutare
1524 1369 1590 1389 cum

56 1413 207 1449 mordeo,
235 1414 346 1450 adjecto
372 1415 508 1449 aemulo,
539 1413 667 1443 triticum
691 1415 773 1453 (3).
813 1415 888 1445 Esse
913 1416 1003 1452 igitur
1024 1415 1164 1452 producta
1189 1423 1261 1450 quae
1288 1412 1514 1442 aestimationem
1548 1412 1596 1440 ha-

78 1465 157 1495 bent.
199 1465 275 1494 Haec
296 1465 519 1501 productasrfere
539 1465 582 1493 sic
612 1465 812 1502 distinguunt:

77 1516 80 1527 '
117 1518 170 1555 a.)
197 1517 247 1546 Ea
270 1525 344 1556 quae
365 1517 407 1545 ad
426 1519 555 1545 animum
582 1518 747 1555 pertinent,
768 1518 937 1555 ingenium,
959 1525 1024 1552 ars,
1045 1515 1196 1552 profectus
1220 1521 1247 1544 et
1272 1514 1316 1543 his
1337 1513 1450 1543 similia.

115 1570 177 1607 b.)
205 1569 255 1598 Ea
280 1577 355 1607 quae
377 1567 420 1597 ad
443 1576 545 1607 corpus
565 1570 735 1606 pertinent,
756 1568 834 1604 vita,
855 1568 981 1602 sanitas,
1003 1568 1110 1602 robur,
1129 1566 1297 1603 integritas,
1319 1565 1499 1601 pulcritudo.

59 1626 69 1642 ⁵-
99 1621 174 1658 'c.')
203 1620 253 1649 Ea
278 1629 354 1659 quac
378 1625 447 1649 sunt
471 1625 560 1649 extra
582 1628 651 1657 nos,
672 1620 809 1655 divitiae,
830 1618 960 1656 gloriae,
980 1618 1117 1648 nobilitas
1143 1624 1171 1646 et
1192 1617 1237 1646 his
1263 1616 1379 1646 similia.

1557 1666 1594 1696 11.

113 1759 179 1799 (r)
200 1761 328 1794 Diogenes
360 1761 393 1789 L.
411 1761 472 1789 Vll.
493 1769 550 1795 103.
592 1766 659 1793 Plut.
689 1763 721 1789 de
740 1735 850 1789 'comm
876 1767 962 1788 contra
987 1761 1092 1787 stoicos
1116 1760 1235 1793 Concep.
1260 1767 1285 1787 c.
1306 1766 1348 1793 ¹4·
1364 1766 1411 1787 22.
1425 1765 1468 1790 23.
1492 1764 1534 1789 24·
1553 1756 1596 1782 26·

75 1814 92 1833 3
114 1826 123 1836 .
140 1808 180 1834 28.

53 1887 59 1892 .
95 1814 176 1888 7(a)
201 1855 281 1886 mog,
300 1854 415 1880 Lac—ttius
434 1856 496 1882 V11.
514 1863 571 1889 105.
682 1863 761 1883 voces
781 1856 874 1888 primus
901 1856 973 1881 Zeno
995 1854 1102 1881 invenit.
1137 1854 1210 1881 Stob.
1230 1853 1289 1880 Ecl.
1307 1861 1334 1886 p.
1352 1860 1408 1886 174.
1442 1850 1488 1878 cf.
1506 1851 1597 1876 Sextus

78 1899 157 1933 Emp.
194 1900 316 1932 pyrrhon.
335 1901 416 1928 Instit.
437 1902 486 1928 lll.
507 1903 531 1935 §.
548 1910 591 1935 ¹9¹
657 1904 718 1930 adv.
735 1903 818 1930 Math.
838 1903 885 1930 XI.
904 1904 930 1934 §-
948 1909 973 1936 3.
991 1910 1024 1936 59
1042 1909 1067 1929 et
1087 1909 1143 1936 103.

92 1945 95 1947 ’
113 1947 178 1982 (3)
198 1949 278 1981 Diog.
296 1949 384 1977 Laffrt.
403 1950 463 1976 Vll.
484 1957 540 1984 105.
583 1952 659 1979 Stob.
676 1953 694 1978 l.
710 1959 735 1979 c.

878 2023 880 2028 >
888 2009 914 2040 E
