1946 2517
306 165 342 189 22
583 148 1466 182 *EUGENIIDAVIDS

350 240 429 270 Haec
457 247 523 267 vero
558 243 647 272 quum
673 234 738 263 Aeri
772 231 1011 269 Atmosphaerieo
1044 230 1193 260 admisceri
1224 239 1284 261 non
1317 232 1452 268 possint,
1489 230 1665 261 Ruhlandus
1693 238 1809 268 parvam

311 300 409 323 eorum
437 289 622 327 quantitatem
655 293 746 322 aquae
778 284 912 313 fontanae
942 281 1051 311 addidit
1080 288 1108 311 et
1135 283 1246 319 plantas
1279 283 1308 312 in
1341 283 1392 312 tali
1424 291 1498 319 aqua
1525 283 1627 312 lumini
1654 283 1743 312 solari
1764 291 1812 312 ex·

305 342 422 381 posuit.

348 394 444 423 Patuit
471 400 503 420 ex
529 390 574 418 his
604 386 804 425 experimentis
829 384 901 415 folia
925 383 1061 414 sambuci
1088 384 1196 420 Nigrae
1223 385 1252 414 in
1278 393 1371 421 aqua,
1399 385 1445 414 cui
1472 385 1593 415 Acidum
1623 383 1812 413 Muriaticum

313 447 361 475 vel
381 443 526 473 Nitricum
551 436 601 468 aut
628 440 778 469 Aceticum
805 438 970 472 adduntur,
999 436 1113 464 eandem
1142 437 1255 472 copiam
1280 437 1420 473 exspirare
1443 436 1513 465 afiris
1538 436 1700 473 Oxygenati
1728 442 1761 463 ac
1781 434 1812 462 in

311 499 396 532 Aqua
416 494 509 523 Acido
530 491 697 522 Carbonico
717 491 921 526 impraegnata.

350 546 426 574 Inter
448 544 516 573 salia
538 542 681 580 Oxygenii
706 540 900 570 evolutionem
924 539 1076 575 praecipue
1102 537 1266 575 augebant,
1305 537 1405 567 Nitras
1426 539 1578 574 Potassae‚
1609 538 1729 568 Tartras
1746 537 1816 566 Pot-

315 606 395 627 assae
418 595 548 630 Aemus,
576 601 603 623 et
637 593 748 622 Murias
776 590 973 625 Ammoniace,
1010 591 1076 618 dum
1103 597 1119 618 e
1149 595 1247 617 contra
1274 589 1391 624 penitus
1430 590 1636 626 impediebatur
1669 589 1815 618 additione

310 647 482 679 Ammoniae
503 653 609 682 purae,
632 644 730 674 Calcis
743 663 753 678 ,
775 641 948 672 Carbonatis
969 641 1124 676 Potassae,
1152 647 1179 668 et
1199 640 1344 668 Potassae.

347 699 402 728 His
428 698 455 727 in
484 696 683 733 experimentis
703 694 793 730 igitur
816 693 902 722 Acidi
927 691 1084 720 Carbonici
1111 692 1141 719 in
1167 691 1346 727 vegetatione
1366 693 1461 720 eadem
1483 691 1549 720 fuit·
1565 700 1597 720 ac
1619 691 1667 720 illa
1691 691 1812 719 aliorum
1829 724 1836 728 .

312 749 470 779 Acidorum
501 754 527 775 et
550 746 659 775 Salium
683 746 757 773 inter
781 752 853 780 quae
879 743 944 772 talia
968 748 1084 778 essent,
1118 749 1240 777 quorum
1268 741 1613 778 decompositio'admitti
1635 749 1694 770 non
1720 745 1816 777 potest

314 801 349 829 ad
372 798 564 835 explicandam
592 797 788 826 evolutionem
818 794 971 831 Oxygenii.
1018 792 1095 823 Cum
1130 793 1196 821 haec
1222 793 1313 829 igitur
1346 801 1405 821 non
1432 793 1487 822 nisi
1513 793 1689 822 stimulando
1713 798 1817 827 potue-

314 851 372 881 tint
402 858 500 886 agere,
529 849 674 886 analogice
699 846 875 876 Ruhlandus
901 845 1053 874 concludit
1081 845 1195 873 eandem
1221 845 1416 873 stimulantem
1451 852 1513 873 esse
1545 844 1630 874 Acidi
1657 840 1816 872 Carbonici
1860 848 1863 850 ’

312 903 464 932 actionem.
505 901 627 937 Egregie
650 899 725 927 circa
753 899 824 926 hanc
850 897 1015 933 opinionem
1039 896 1206 924 sententiam
1230 903 1309 923 suam
1328 893 1457 930 praebuit
1482 895 1561 923 doct.
1585 903 1643 924 van
1661 895 1716 922 der
1738 893 1817 921 Boon

313 955 414 985 Mesch
435 953 501 990 (a)
528 959 593 979 cum
617 950 771 978 Saussurio
798 955 826 977 et
848 949 913 976 aliis
939 947 1079 976 affirmans
1102 948 1215 982 plantas
1240 945 1297 973 sibi
1321 945 1444 980 aliquam
1470 945 1630 980 portionem
1655 944 1814 974 Carbonici

311 1011 346 1033 ex
372 1004 468 1033 Acido
491 1000 658 1031 Carbon‘ico
677 999 861 1028 assimilare:
893 999 950 1026 vim
978 998 1172 1026 stimulantem
1204 997 1229 1025 ei
1254 1004 1320 1024 vero
1347 1003 1405 1024 non
1426 996 1564 1031 denegat,
1592 1003 1648 1031 qua
1672 995 1762 1023 valeat
1787 995 1817 1022 in

314 1054 430 1091 organis
455 1051 654 1088 vegetabilium
693 1049 826 1086 majorem
861 1048 1049 1077 secretionem
1081 1054 1273 1082 promovere3
1309 1046 1384 1073 illud
1411 1054 1480 1074 vero
1506 1054 1556 1082 per
1579 1052 1673 1075 totum
1699 1052 1816 1081 regnum

312 1104 482 1141 organicum
505 1102 638 1131 obtinet:
668 1099 764 1129 omnia
791 1105 918 1128 assumta
942 1099 1091 1134 quamdam
1116 1098 1303 1126 mutationem
1332 1097 1362 1124 in
1386 1096 1500 1132 organis
1526 1096 1688 1125 secretoriis
1710 1096 1820 1132 produ·

314 1162 406 1191 cunt,
435 1161 490 1182 tam
516 1153 546 1182 in
576 1159 664 1189 regno
687 1150 802 1179 animali
829 1157 914 1185 quam
943 1150 1084 1186 vegetam
1116 1155 1262 1184 nunquam
1296 1147 1369 1176 enim
1397 1147 1465 1176 talia
1490 1147 1694 1183 remittuntur,
1724 1146 1820 1182 qualia

315 1211 441 1236 assumta
462 1204 593 1233 fuerunt.
633 1203 690 1231 Sed
714 1202 744 1231 in
769 1201 885 1238 organis
907 1201 1098 1236 nutritionis,
1126 1200 1161 1228 iis
1190 1198 1369 1233 stimulatis,
1398 1205 1501 1226 novam
1531 1199 1656 1227 excitant
1678 1198 1820 1227 actionem

317 1265 390 1294 quae
412 1255 538 1284 alimenti
568 1253 697 1283 contenti
719 1253 843 1281 indolem
868 1258 998 1287 mutare,
1019 1259 1045 1279 et
1066 1251 1095 1280 in
1116 1258 1220 1279 novam
1240 1255 1408 1278 convertere
1428 1250 1513 1277 valet.

356 1306 522 1341 Hucusque
545 1310 658 1333 tantum
682 1305 823 1331 actionem
844 1303 932 1332 Acidi
955 1301 1114 1330 Carbonici
1138 1301 1354 1336 spectavimus,
1381 1300 1409 1328 in
1435 1306 1574 1335 quantum
1599 1305 1677 1328 statu
1700 1298 1821 1328 Gazoso

316 1356 423 1393 plantis
453 1355 603 1390 advenia13
639 1355 707 1382 dum
741 1362 809 1383 vero
843 1353 964 1382 maxima
996 1352 1084 1389 hujus
1113 1351 1196 1380 Acidi
1224 1351 1267 1379 vis
1293 1357 1337 1379 est
1361 1358 1434 1385 aqua
1458 1350 1548 1378 soluti
1572 1351 1684 1384 plantas
1714 1351 1824 1379 inti-nn·

316 1407 354 1436 tis
378 1407 424 1435 vel
451 1407 480 1435 in
507 1406 600 1434 Terra
625 1403 779 1442 vegetabili
804 1403 956 1439 contenti,
984 1402 1069 1431 etiam
1099 1402 1179 1430 hisce
1211 1401 1266 1430 sub
1297 1400 1402 1429 formis
1430 1401 1517 1437 hujus
1547 1400 1668 1429 efficacia
1690 1401 1823 1430 consides

315 1458 399 1486 randa
419 1457 505 1486 nobis
525 1463 581 1486 est.

1740 1503 1825 1539 Aqua

314 1590 492 1613 conservandam
513 1587 579 1614 hujus
597 1586 689 1610 rcelerlc
708 1585 846 1609 memoriam.
877 1587 912 1608 Ex
931 1584 1025 1608 hirtorin
1046 1591 1108 1608 sacr·
1130 1591 1193 1613 patet
1216 1585 1341 1608 abimelech
1364 1587 1477 1608 destructa
1502 1585 1557 1607 urbe
1577 1583 1677 1608 Sitheme
1697 1590 1762 1612 agros
1780 1586 1826 1608 ule

313 1632 412 1657 tegisse,
428 1636 452 1652 ut
467 1630 553 1652 steriles
569 1634 608 1651 eos
626 1629 740 1650 redderet.

342 1672 456 1693 Nonnulla
474 1676 530 1691 vero
550 1669 604 1692 salla
623 1675 684 1692 certa
702 1671 725 1691 ln
745 1668 897 1696 proportione
917 1667 1081 1694 vegetationem
1103 1666 1223 1694 aliquando
1244 1668 1372 1689 accelerare
1393 1672 1502 1694 possunt,
1526 1666 1558 1687 uti
1579 1665 1710 1685 sauss-aria:
1730 1672 1827 1688 conten-

314 1712 361 1740 dit,
377 1720 399 1739 p.
415 1714 464 1733 262.
483 1711 574 1733 dicens:
596 1725 613 1738 ‚,
629 1712 665 1733 On
687 1717 699 1732 a
719 1715 816 1732 souvent
839 1711 921 1731 conclu
941 1710 969 1730 de
989 1715 1015 1731 c·
1035 1707 1144 1736 quelques
1164 1710 1208 1730 sels
1233 1709 1287 1730 dans
1315 1708 1424 1729 cenaines
1445 1706 1592 1733 proportions
1611 1707 1694 1728 (taient
1715 1707 1824 1729 nuislblen

313 1769 332 1781 ‚,
346 1760 359 1775 a
380 1753 488 1775 cenaincn
508 1752 612 1779 plantes,
627 1757 671 1778 que
693 1755 744 1773 tous
762 1753 794 1773 les
813 1752 856 1772 sels
877 1751 931 1772 dans
954 1754 1028 1770 tomes
1054 1750 1113 1770 leurs
1140 1747 1286 1774 proportions
1314 1753 1366 1769 sont
1392 1747 1499 1768 nuisibles
1521 1745 1533 1766 ὴ
1551 1746 1573 1768 la
1596 1747 1734 1772 vegetation.
1764 1747 1824 1769 Mais

311 1809 328 1824 ,,
345 1794 508 1816 l'obsorvation
520 1798 547 1814 ne
561 1792 668 1815 confirme
684 1799 726 1820 que
741 1797 852 1814 rarement
867 1798 904 1813 cea
919 1793 981 1813 idees
997 1790 1166 1817 systematiques
1176 1804 1184 1816 ‚
1201 1790 1244 1810 ene
1259 1794 1344 1816 prouve
1359 1794 1402 1815 quc
1418 1787 1528 1815 plusieurs
1547 1789 1634 1814 plantes
1648 1788 1777 1814 requierent
1792 1795 1823 1812 un

313 1850 332 1863 „
348 1835 440 1857 aliment
460 1834 529 1859 ullu,
555 1833 609 1854 mais
629 1834 684 1860 qu'il
704 1834 752 1855 doit
770 1834 818 1854 erre
840 1832 930 1854 modifie
953 1833 1005 1854 dans
1027 1838 1050 1853 sa
1069 1831 1171 1858 quantine
1190 1835 1213 1851 ct
1234 1832 1288 1852 dans
1307 1834 1343 1851 sen
1367 1828 1481 1856 principes
1496 1828 1585 1849 suivant
1603 1827 1623 1849 Ιι
1637 1827 1721 1850 Nature
1737 1829 1767 1850 du
1786 1834 1826 1850 ve.

314 1890 333 1904 „
348 1876 422 1902 gerni,
440 1875 479 1902 qul
495 1874 543 1896 doit
560 1874 712 1896 l’absorber.”

341 1915 397 1943 (a,
417 1914 576 1937 Commentario
596 1914 696 1934 ctum-'ca
717 1914 741 1934 de
764 1914 788 1934 vi
809 1914 894 1943 Lucis,
909 1919 953 1935 etc.
975 1919 1026 1941 pag.
1041 1919 1074 1941 ¹⁴·
1116 1914 1198 1934 Omnes
1219 1911 1251 1934 lbi
1273 1911 1357 1933 refellit
1377 1911 1499 1932 sententias
1519 1916 1575 1938 quae
1605 1911 1824 1938 decompoilrionem

318 1958 362 1979 Gn
379 1957 445 1978 Acidi
466 1955 586 1979 cai-bonici
606 1962 687 1982 negare
706 1960 809 1983 tentant,
833 1961 875 1978 tam
899 1961 994 1982 eorum,
1014 1954 1052 1982 qul
1076 1955 1132 1978 illud
1153 1959 1267 1982 tamquam
1291 1953 1428 1981 productum
1451 1952 1604 1986 vegetativum
1622 1956 1739 1980 specum,
1760 1957 1826 1980 quan

315 2004 407 2024 eorum,
429 1998 468 2025 qui
484 1997 507 2019 id
523 1997 570 2019 aliis
586 1997 738 2019 runcamenns
754 2001 843 2023 negant.
1590 1988 1597 1994 ⁹
