1946 2517
364 160 398 182 η
767 145 1107 178 GULIE'LMI
1164 144 1469 182 DELPRAXT

363 231 398 262 ab
421 241 451 261 ea
476 232 557 261 nullo
581 231 667 260 modo
696 238 747 260 nec
777 229 874 258 divelli
901 236 952 257 nec
987 227 1106 256 distrahi
1133 228 1278 265 possint3
1307 229 1349 259 sic
1381 229 1416 257 de
1442 228 1558 265 iustitia
1590 228 1777 265 judicandum
1812 237 1875 266 est,

365 292 439 322 quae
463 291 522 312 non
546 283 630 312 modo
656 289 802 316 nunquam
827 287 913 309 nocet
938 278 1093 314 cuiquam,
1125 278 1174 306 sed
1197 285 1296 308 contra
1322 287 1436 316 semper
1459 280 1509 308 alit
1549 279 1659 315 aliquid
1680 286 1738 309 tum
1767 281 1794 310 vi
1820 289 1872 310 sua

364 343 450 372 atque
474 331 595 370 natura,
626 333 704 368 quod
726 331 893 367 tranquillet
920 330 1052 364 animos,
1081 336 1141 357 tum
1168 337 1219 365 spe
1245 331 1317 359 nihil
1340 339 1437 360 earum
1465 339 1555 360 rerum
1582 330 1871 369 elafium-mnis.qua3

365 394 467 416 natura
492 393 550 414 non
575 385 725 420 depravata
749 382 898 411 desideret.
943 380 1191 417 Quemadmodum
1220 383 1363 416 temeritas
1395 387 1422 410 et
1446 381 1536 411 libido
1561 387 1588 411 et
1616 382 1730 419 ignavia.
1761 391 1873 421 semper

364 438 475 467 animos
499 435 664 465 excruciant
679 440 707 462 et
722 441 833 469 semper
848 431 1026 467 sollicitant,
1048 431 1283 468 turbulentaeque
1297 438 1366 462 sunt
1379 440 1390 462 ι
1411 433 1454 461 sic
1471 434 1556 471 qu‘us
1574 434 1603 463 in
1617 440 1710 470 mente
1728 435 1781 462 ista
1800 442 1872 470 con?

362 488 514 521 sederunt‚
533 486 588 515 hoc
607 486 672 522 ipso
688 485 767 521 quod
784 485 887 513 a‘lsunt
898 504 909 520 ,
928 492 958 512 ea
977 491 1056 512 mens
1083 484 1247 512 turbulenta
1263 492 1323 513 non
1338 490 1434 520 potest
1451 493 1509 513 non
1523 484 1602 520 fieri,
1619 484 1675 513 etsi
1693 493 1758 513 veto
1774 484 1872 513 molita

364 538 512 574 quippiam
538 543 600 572 est,
624 536 757 572 quamvis
784 536 898 564 occulte
923 534 1038 570 fecerit,
1066 541 1213 569 nunquam
1241 540 1334 563 tamen
1352 535 1479 564 confidet
1500 535 1530 563 id
1554 535 1615 564 fore
1640 543 1750 571 semper
1774 531 1873 565 oc‘culr-

360 596 432 620 tutn.
482 589 651 624 Plerumque
686 587 885 624 improborum
921 587 996 615 facta
1031 585 1123 621 primo
1159 584 1291 620 suspicio
1334 585 1524 621 insequitur,
1564 586 1664 615 deinde
1699 579 1792 615 sermo
1824 594 1870 615 at-

361 650 416 678 que
441 641 535 677 fama,
564 647 624 668 tum
647 646 820 674 accusator,
841 643 902 665 tum
922 637 1030 674 Judex;
1054 638 1138 666 multi
1164 639 1247 666 etiam
1273 638 1330 675 ipsi
1350 647 1381 667 se
1405 639 1614 669 indicaverunt.
1655 640 1743 678 Quod
1769 641 1794 669 si
1819 641 1872 676 qui

361 693 435 722 satis
469 691 525 720 sibi
554 697 654 721 contra
689 689 836 718 hominum
874 688 1078 717 conscientiam
1106 690 1180 725 septi
1216 696 1334 721 esseret
1364 690 1470 721 muniti
1502 691 1654 728 videntur,
1682 693 1797 721 deorum
1831 699 1872 722 ta,-

360 754 424 775 meu
452 752 556 773 numen
581 744 721 778 horrent,
740 748 845 776 easque
872 740 948 776 ipsas
970 740 1202 776 sollicitudines,
1226 741 1333 777 quibus
1351 750 1447 776 eorum
1474 742 1559 776 animi
1573 749 1682 772 -noctes
1705 749 1790 778 atque
1809 743 1882 772 dies,

359 797 517 825 exeduntur
537 815 548 830 ‚
569 803 585 822 a
609 794 664 829 diis
692 792 902 821 immortalibus
927 790 1064 827 supplicii
1086 799 1172 819 causa
1197 792 1346 828 importari
1371 798 1484 828 putant.
1547 792 1644 829 Itaque
1669 801 1703 821 ne
1725 792 1868 830 justitiam

361 848 474 884 quidem
501 854 578 875 recte
603 845 670 882 quis
697 844 797 873 dixerit
819 851 869 880 per
892 851 922 871 se
951 843 1041 878 ipsam
1068 842 1222 878 optabilem
1254 843 1341 880 (1),
1361 844 1410 872 sed
1437 844 1503 879 quia
1521 844 1711 880 jucunditatis
1738 845 1783 873 vel
1807 843 1873 879 plu-

358 899 461 928 rimum
481 897 588 927 afferat.
628 896 703 925 Nam
727 895 807 931 diligi
837 901 864 923 et
895 901 989 922 carum
1026 901 1090 921 esse
1110 893 1271 930 jucundum
1303 899 1348 922 est
1374 900 1545 930 propterea,
1577 895 1644 929 quia
1667 893 1806 922 mitiorem
1831 893 1874 934 Vi?

359 957 414 979 tam
443 958 470 979 et
497 950 670 985 voluptatem
698 948 781 977 efficit
817 947 994 983 pleniorem,
1023 945 1110 980 idque
1140 953 1199 974 non
1223 944 1263 973 ob
1291 952 1322 973 ea
1351 945 1444 973 solum
1476 945 1681 980 incommoda,
1709 953 1780 980 quae
1804 952 1870 976 evea

358 1000 605 1037 niuntimprobis
619 1022 629 1036 ,
651 999 700 1027 sed
726 999 818 1027 multo
846 997 929 1026 etiam
953 997 1061 1033 magis,
1082 997 1161 1032 quod
1182 996 1267 1032 cujus
1290 996 1321 1026 in
1336 996 1431 1027 animo
1458 1004 1588 1026 versatur
1608 996 1873 1034 injustitia,an-

363 1061 448 1091 quam
467 1053 537 1083 sinit
559 1060 622 1081 eum
648 1050 803 1088 respirare,
824 1056 971 1084 nunquam
996 1047 1178 1083 acquiescere,
1195 1048 1272 1085 (2).

882 1203 1334 1220 w

618 1311 940 1344 CAPUT
1045 1307 1617 1343 SECUNDUM.

479 1419 820 1442 OBSERVATloNl-:s
848 1420 890 1440 IN
918 1418 1090 1440 EPICURI
1117 1418 1316 1439 DOGMATA
1343 1418 1393 1438 DE
1422 1417 1750 1446 CONJUNCTJONB

807 1470 1015 1491 VIRTUTIS
1045 1469 1096 1491 ET
1126 1468 1410 1490 FRLiCl'rA'rlsv.

355 1563 431 1624 Sic
449 1591 535 1629 igitur
565 1592 709 1620 statuebat
737 1590 883 1627 Epicurus
906 1591 939 1619 de
969 1590 1105 1626 Virtute‚
1128 1590 1161 1618 tle
1187 1586 1335 1618 Felicitate
1359 1595 1385 1617 et
1410 1588 1443 1616 de
1467 1588 1619 1623 utriusque
1649 1586 1722 1616 inter
1743 1595 1773 1615 se
1799 1595 1871 1617 conb

355 1644 515 1680 junctione.
550 1643 658 1680 Judicii
681 1642 841 1678 exploratio
868 1648 937 1677 apto
961 1642 1047 1669 modo
1073 1640 1189 1671 institui
1211 1647 1328 1676 potest,
1360 1640 1386 1668 si
1401 1640 1532 1677 primum
1550 1638 1706 1667 viderimus
1725 1646 1797 1668 num
1813 1646 1864 1674 per

357 1694 490 1730 dogmata
505 1693 634 1729 Epicuri»
645 1694 761 1722 scholae
785 1693 819 1721 de
844 1692 1012 1728 Felicitate,
1042 1692 1178 1721 Felicitas
1207 1692 1331 1720 inveniri
1355 1691 1479 1726 possim.
1500 1695 1597 1727 postea
1625 1696 1695 1717 num
1719 1695 1868 1724 praecepta

358 1745 497 1781 moralia,
518 1753 589 1780 quae
605 1744 640 1772 ab
657 1753 690 1772 eo
708 1744 879 1778 traduntur,
901 1743 934 1771 ad
957 1743 1101 1772 Virtutem
1123 1743 1247 1771 ducant:
1271 1749 1343 1778 quae
1368 1742 1426 1769 duo
1444 1747 1608 1776 argumenta
1629 1747 1725 1768 ansam
1752 1740 1869 1776 praebet·

356 1796 430 1825 bunt
454 1796 576 1824 examini
597 1796 631 1824 de
654 1797 717 1831 ipsa
744 1794 954 1831 conjunctione
973 1794 1097 1824 Virtutis
1126 1799 1154 1823 et
1179 1793 1335 1823 Felicitatis
1362 1801 1395 1820 ex
1414 1792 1535 1828 Epicuri
1561 1790 1713 1819 sententia.

394 1848 483 1886 Quod
519 1847 553 1875 ad
583 1847 709 1883 primum
744 1846 861 1881 attinet,
895 1853 963 1873 num
993 1853 1043 1881 per
1073 1845 1246 1882 Epicuream
1278 1843 1440 1873 felicitatem
1469 1842 1568 1871 felices
1604 1849 1697 1870 revera
1722 1840 1875 1870 essemus?

1798 1891 1873 1921 Nut-

392 1988 424 2021 ζι
441 1987 456 2022 )
476 1988 583 2022 Epicur.
601 1989 618 2015 l.
637 1989 655 2016 1.
682 1989 707 2023 §.
725 1995 783 2021 150.
937 1984 1003 2020 (2)
1024 1987 1083 2013 Cic.
1102 1986 1183 2012 Finib.
1204 1986 1226 2013 Ι.
1247 1986 1288 2012 16.
