1946 2517
289 147 335 182 ω’
721 140 1348 185 1.ct.ARissE,

295 242 378 277 quae
399 239 696 269 coruornnm,
719 239 902 268 noenu,
926 236 1190 261 εαιιυιτιααιι
1215 227 1332 271 aliique
1360 228 1639 272 conscripserunt,
1663 228 1753 262 diun-

295 300 338 322 na
371 294 447 321 sunt
475 294 695 330 nocturnaque
717 296 814 317 manu
839 283 1026 316 volvenda?
1073 285 1146 324 Quo
1173 285 1349 326 impensius
1372 283 1544 323 laetamur,
1579 291 1611 316 et
1637 287 1755 318 utrius-

295 356 359 389 que
385 344 509 388 generis
540 343 707 376 Lectiones
734 341 884 384 juridicas
910 340 979 371 siue
1006 340 1263 379 intermissione,
1293 341 1390 372 etiam
1413 342 1447 371 in
1468 341 1526 372 hac
1551 340 1721 373 Academia
1741 364 1754 381 ,

293 401 424 439 haberi,
448 399 566 443 quibus
586 407 618 431 et
638 399 783 431 historica
804 397 920 439 pariter
948 406 984 427 ac
1014 395 1206 439 philosopha
1232 396 1486 440 Jurisprudentia
1508 396 1672 429 imbuatur
1696 408 1756 429 no.

293 464 357 489 stra
378 457 550 498 juventus,
578 461 610 486 et
634 454 673 485 ad
698 453 941 486 familiaritatem
964 452 1182 493 optimorum,
1206 463 1475 496 quorumcunque
1492 452 1607 484 *omnis
1631 463 1755 485 memo-

291 515 356 546 riae
388 511 692 544 Jurisconsultorum
717 509 875 554 applicare
905 519 938 540 se
970 507 1088 549 diseat,
1118 515 1150 540 et
1173 520 1247 540 cum
1274 509 1412 552 Collegis
1433 510 1556 551 integra
1582 508 1677 541 nobis
1699 519 1754 540 va.

291 568 434 601 letudine
458 578 621 611 superesse
649 565 891 611 septuagenario
910 566 1062 607 majorem
1084 576 1403 604 nAGEMAUNuM,
1426 565 1674 598 Celeberrimum
1697 566 1754 598 Vi·

289 637 380 665 rum,
402 632 434 658 et
459 625 536 657 huic
558 632 664 656 tamen
693 627 788 656 etiam
815 621 983 654 suffectum
1007 633 1074 654 esse
1094 622 1216 664 integra
1239 629 1338 654 aetate
1364 632 1580 660 ⁴aestiuum,
1604 621 1754 663 autiquae

288 689 320 714 et
354 680 575 725 philosophiae
603 687 635 711 et
668 680 842 722 elegantiae
873 679 1152 710 studiosissimum.
1198 679 1264 710 Cui
1295 679 1424 722 quidem
1454 681 1533 712 Viro
1557 679 1604 711 cl.
1633 690 1756 710 novum

290 747 427 775 munus,
455 736 543 779 quod
559 735 779 767 addicentibus
795 735 943 777 auspiciis
963 734 1152 777 capessivit,
1176 733 1248 765 laeti
1267 735 1481 776 gratulamur;
1504 735 1590 766 haud
1605 734 1756 767 dubitan-

291 799 355 830 tes,
378 793 458 835 quin
473 803 512 824 ex
527 792 597 833 ejus
616 801 744 833 quoque
766 791 967 821 institutione
986 788 1138 821 uberrimi
1157 790 1221 820 sint
1241 791 1273 820 iu
1291 791 1425 833 patriam
1440 797 1580 822 nostram
1595 798 1626 822 et
1642 791 1756 823 huma-

291 859 367 881 nam
385 850 564 880 societatem
583 846 727 879 utilitatis
743 846 867 878 fructus
887 845 1105 878 redundaturi.
1127 845 1192 876 Nec
1209 851 1314 876 tamen
1333 846 1390 876 hac
1405 853 1493 889 parte
1511 846 1603 889 plane
1617 849 1757 880 sincerae

288 915 357 936 esse
379 904 451 936 licet
471 910 596 936 nostrae
617 903 760 935 laetitiae.
805 905 906 940 Nam,
924 902 1104 944 cingentem
1122 911 1172 931 me
1189 900 1381 932 Auditorum
1403 912 1554 932 coronam
1569 902 1755 946 circumspi2

287 963 394 999 ciens,
418 967 548 992 vacante
572 962 654 991 inter
669 962 756 997 Vos,
781 958 989 990 illustrissimi
1008 966 1265 996 coturnatis,
1288 958 1360 988 loco
1388 957 1509 989 adverti
1532 968 1603 997 me,
1633 965 1665 990 et
1684 961 1757 991 insi-

289 1020 347 1061 gni
376 1018 474 1048 animi
497 1026 641 1047 moerore
665 1014 749 1046 affici
775 1016 889 1046 sentio.
931 1016 975 1045 Ut
998 1016 1086 1046 enim
1114 1014 1204 1046 laetis
1233 1017 1268 1046 in
1293 1014 1353 1046 hae
1382 1020 1464 1046 terra
1486 1014 1552 1046 fere
1578 1017 1756 1047 intermista

281 1079 364 1106 sunt
391 1075 509 1111 tristia,
535 1076 601 1111 sic,
631 1073 696 1115 jam
720 1071 760 1102 ad
785 1074 908 1102 exitum
943 1076 1093 1112 vergente
1123 1080 1195 1101 meo
1223 1073 1431 1113 magistratu,
1457 1073 1555 1102 trium
1579 1073 1754 1110 Virorum,

288 1129 431 1160 doctrina
455 1134 486 1159 et
509 1129 631 1159 meritis
657 1127 838 1165 clarorum,
862 1126 919 1169 qui
946 1125 998 1158 vel
1017 1125 1116 1164 olim,
1139 1125 1189 1158 vel
1208 1137 1310 1170 nuper
1337 1125 1546 1159 Academicae
1574 1128 1620 1159 rei
1642 1137 1757 1160 curan.

292 1186 351 1218 dae
383 1185 515 1217 fuerunt
546 1184 714 1228 praefecti,
743 1184 873 1225 obitus,
902 1185 1079 1226 quominus
1107 1183 1228 1214 nemini
1257 1182 1353 1214 hodie
1386 1181 1620 1225 parentandum
1649 1189 1755 1227 esset,-

288 1241 466 1284 impedivit.
510 1242 690 1272 Novissime
715 1240 847 1283 quidem
874 1241 923 1278 is,
947 1241 1004 1282 qui
1027 1239 1192 1270 Curatoris
1219 1249 1371 1279 munere,
1393 1248 1518 1269 summa
1542 1248 1617 1269 cum
1639 1237 1756 1278 laude,

288 1303 361 1328 ante
387 1296 494 1340 plures
518 1307 620 1327 annos
640 1296 742 1328 fuerat
761 1296 906 1335 functus,
928 1295 1155 1339 elegantissimi
1178 1295 1236 1327 Vir
1262 1296 1402 1337 ingenii,
1429 1304 1484 1326 so.
1509 1305 1558 1326 De
1580 1305 1757 1334 muter,

287 1354 402 1390 JCtus,
424 1353 509 1385 diem
532 1352 612 1384 obiit
635 1362 832 1396 supremum.
877 1352 917 1384 In
941 1363 1027 1395 quo,
1051 1358 1088 1383 ut
1116 1352 1240 1396 reliqua
1266 1357 1356 1383 erant
1380 1350 1540 1394 praeclara
1562 1353 1691 1390 omnia,
1713 1353 1757 1383 ita

287 1416 351 1441 tam
378 1421 447 1441 acer
480 1410 582 1453 pulcri
607 1416 639 1441 et
664 1412 790 1441 venusti
816 1419 946 1448 sensus,
969 1415 1077 1441 tantus
1107 1409 1262 1440 orationis
1289 1410 1395 1446 nitor,
1429 1412 1515 1438 tanta
1545 1408 1580 1438 in
1606 1408 1758 1440 carmini-

289 1465 350 1498 bus
374 1466 549 1509 pangendis
568 1466 724 1504 suavitas,
749 1471 813 1497 tam
834 1465 910 1497 felix
931 1472 1075 1498 veterum
1093 1466 1260 1498 Poetarum
1282 1464 1384 1506 patrio
1404 1473 1551 1494 sermone
1569 1464 1753 1505 exprimen-

289 1522 405 1553 dorum
423 1521 482 1553 dos
505 1529 537 1553 et
557 1521 705 1560 facultas,
730 1529 764 1552 ut
787 1521 874 1553 haud
897 1525 964 1555 scio
986 1533 1028 1554 an
1053 1524 1087 1553 in
1107 1521 1198 1553 nullo
1218 1521 1319 1552 altero
1335 1521 1535 1552 nostratium.
1580 1521 1655 1559 Quo
1679 1530 1747 1551 mo·

288 1577 397 1610 lestius
426 1577 556 1609 ferimus
587 1581 681 1617 tanti,
711 1585 839 1621 tamque
868 1579 1024 1620 humani,
1060 1579 1129 1611 Viri
1158 1577 1373 1615 desiderium,
1402 1583 1434 1607 et
1458 1575 1634 1607 Vobiscum
1663 1575 1752 1618 luge-

289 1643 382 1672 muS‚
405 1644 589 1666 innurem
612 1641 644 1665 et
669 1644 769 1665 LUZA
784 1645 848 1673 cn,
880 1635 950 1667 Viri
977 1635 1223 1679 Spectatissimi,
1245 1634 1359 1676 optimi
1389 1632 1531 1663 defuncti
1562 1631 1672 1663 fratres
1697 1643 1754 1674 op·

287 1689 368 1720 timi.
418 1689 517 1721 Paulo
551 1698 624 1722 ante
652 1690 714 1722 fata
745 1690 958 1734 compleverat
992 1691 1217 1723 Nobilissimus
1248 1691 1302 1721 Vir
1328 1698 1510 1720 JoAuuns
1544 1697 1756 1720 nennlcus

289 1754 496 1785 senonen,
520 1756 616 1788 quem
638 1746 733 1778 semel
760 1747 813 1778 hic
840 1749 1026 1780 Curatorem
1055 1759 1162 1780 coram
1181 1747 1298 1778 intueri
1320 1753 1350 1777 et
1372 1745 1508 1776 salutare
1528 1745 1622 1776 nobis
1642 1744 1752 1776 datum

285 1807 344 1833 est.
387 1802 469 1832 Huic
488 1809 593 1833 autem
618 1803 867 1834 constantissimi
891 1805 990 1835 animi
1015 1805 1107 1843 viro,
1131 1804 1187 1847 qui
1208 1805 1267 1846 ipsi
1290 1802 1456 1845 impotenti
1479 1800 1656 1843 Tyranno,
1678 1811 1753 1832 cum

285 1857 392 1887 omnia
418 1858 446 1887 ei
470 1868 502 1889 se
528 1857 770 1896 submitterent,
793 1859 942 1891 terribilis
972 1860 1032 1892 suit
1058 1866 1091 1892 et
1121 1858 1359 1902 suspiciendus,
1387 1856 1555 1895 noudum,
1578 1856 1667 1899 quod
1693 1858 1753 1888 sei-

285 1921 374 1951 mus,
397 1913 431 1943 in
454 1924 585 1945 munere
610 1915 796 1956 Curatoris,
819 1916 912 1959 cujus
929 1917 961 1948 ei
985 1922 1058 1948 ante
1080 1917 1257 1948 triennium
1283 1914 1518 1947 concedebatur
1543 1912 1753 1950 immunitas,

1693 1977 1759 1999 suc·
