1946 2517
298 195 313 222 S
606 182 973 221 GUILIELMI
1034 180 1500 212 WENCKEBACH

348 275 403 304 Sed
422 266 556 304 accurate
576 274 697 307 tradere,
730 277 865 307 quaenam
892 267 930 294 sit
949 267 1025 302 justa
1052 265 1178 294 diametri
1201 273 1350 300 mensura,
1375 263 1539 293 difficillima
1558 266 1603 291 est
1631 268 1675 291 res
1695 261 1725 292 in
1743 267 1808 292 tan«

305 332 334 354 ta
362 327 535 362 scriptorum
569 325 720 353 varietate:
752 321 850 349 etenim
879 319 926 346 De
956 317 1066 346 Lucius
1094 325 1152 344 eam
1179 316 1375 344 determinavit
1402 323 1420 344 2
1447 315 1507 343 sive
1533 321 1549 350 3
1578 312 1661 341 lineis
1693 313 1809 349 Paris.;

305 378 438 414 Voigtius
465 377 535 414 (ι)
567 375 645 403 tubis
681 372 795 409 majoris
831 369 960 398 diametri
991 376 1061 395 usus
1094 368 1128 395 ad
1163 367 1324 395 evitandum
1358 366 1430 394 illud
1462 364 1696 400 impedimentum
1725 363 1809 393 liberi

307 429 462 456 adscensus
497 434 523 455 et
549 427 703 455 descensus
731 423 881 452 columnae
907 418 1080 448 mercurialis
1110 418 1139 446 in
1165 418 1255 453 tubo,
1284 418 1363 454 quod
1391 425 1407 445 a
1433 415 1569 445 frictione
1597 414 1710 449 oritur,
1736 414 1763 443 ei
1791 417 1812 451 4

311 479 445 507 linearum
473 477 680 513 longitudinem
704 475 806 508 dabat3
828 478 928 502 contra
948 467 1158 507 Englefieldius
1185 476 1294 498 tantum
1322 469 1457 497 decimam
1485 468 1602 504 pollicis
1622 466 1728 503 anglici
1748 474 1814 502 par-

313 535 387 563 tem,
418 528 439 555 i.
463 535 488 555 e.
512 527 630 554 circitur
653 528 683 563 17}
705 525 807 553 lineam
832 523 923 551 Paris.
945 536 982 543 -—
1013 520 1059 548 Ad
1084 520 1147 548 tubi
1168 519 1375 556 longitudinem
1400 520 1479 555 quod
1503 519 1624 555 attinet,
1656 518 1726 547 satis
1746 517 1812 546 lon-

308 586 363 617 gus
387 578 460 613 erit,
483 578 506 606 si
528 578 715 606 adscendente
739 575 879 604 mercurio
901 575 936 602 ad
962 581 1121 608 summam,
1147 581 1232 608 quam
1255 573 1393 609 attingere
1412 572 1526 608 possit,
1548 571 1729 600 altitudinem
1749 578 1818 607 spn-

310 630 381 658 tium
410 638 529 658 vacuum
551 619 637 664 snpra
657 627 828 656 mercurium
851 626 932 654 tertia
949 624 1065 661 pollicis
1085 630 1162 659 parte
1178 624 1296 659 longum
1314 623 1374 652 sit:
1398 631 1450 652 nec
1469 628 1546 651 recte
1565 623 1682 659 longius
1706 622 1816 658 produ<

309 682 406 716 citur,
429 682 495 717 quia
523 688 581 708 tum
610 681 701 708 multo
727 679 867 707 mercurio
889 684 965 713 opus
990 676 1042 703 erit
1067 676 1101 703 ad
1121 675 1298 710 implendum
1324 680 1418 703 totum
1442 673 1566 710 tubum,
1594 673 1645 710 qui
1668 679 1760 702 tamen
1783 673 1816 702 in

310 733 460 761 itineribus
482 733 515 760 ad
536 732 643 768 apicem
667 739 760 766 usque
777 729 900 765 repletus
917 736 979 755 esse
998 726 1094 755 debet.

353 783 441 821 Quod
460 783 483 811 si
506 783 608 811 tubum
633 782 755 816 habeas,
779 782 859 818 ejus,
882 781 963 817 quus
990 784 1126 814 oportet,
1155 777 1368 813 dimensionis,
1397 778 1479 814 prius
1504 777 1575 806 bene
1601 776 1715 813 purgari
1734 775 1819 805 debet

313 835 436 871 spongia
461 834 496 863 ab
516 834 595 862 omni
620 833 788 861 humiditate
804 840 831 860 et
849 832 987 867 pulvere,
1009 830 1115 865 quibus
1136 829 1211 857 forte
1233 830 1365 865 pollutus
1388 828 1475 857 fuerit
1499 829 1529 857 in
1551 828 1663 857 officina
1682 827 1816 862 vitraria;

311 887 384 914 vidit
412 886 486 914 enim
515 886 621 914 dexter
648 885 803 921 Voigtius,
834 884 899 911 solo
921 881 1009 918 hujus
1038 881 1164 909 cautelae
1189 881 1344 917 neglectu,
1373 880 1566 908 barometrum
1591 878 1735 916 quoddam
1759 883 1822 906 tan·

312 943 345 965 to
370 945 454 974 opere
479 937 656 973 discrepasse
683 936 717 964 ab
747 935 810 963 aliis
837 933 1027 967 melioribus,
1057 938 1089 960 ut
1119 940 1239 968 prorsus
1269 932 1368 960 nullus
1395 931 1456 969 eJus
1480 937 1555 960 esset
1579 939 1663 960 usus.
1713 929 1824 958 Deinde

312 996 369 1016 una
404 989 464 1036 ejus
495 987 703 1016 extremitatum
731 986 846 1014 fusione
879 983 1029 1012 hermetice
1055 983 1225 1017 claudatur,
1261 989 1294 1010 ut
1323 981 1412 1010 tubus
1446 981 1476 1010 in
1505 982 1664 1012 orbiculam
1690 980 1822 1017 desinat,

315 1039 376 1068 sive
397 1039 518 1075 potius,
540 1039 577 1066 ita
603 1044 633 1066 ut
658 1046 717 1066 non
738 1037 822 1072 longe
845 1035 880 1063 ab
903 1034 1079 1062 extremitate
1101 1034 1250 1070 angustior
1267 1034 1337 1068 fiat,
1361 1041 1427 1061 mox
1451 1041 1519 1062 vero
1535 1020 1625 1061 'latior
1645 1032 1767 1067 iterum,
1790 1029 1827 1059 ut'

315 1090 442 1126 impetus
468 1089 622 1123 mercurii,
644 1095 728 1123 saepe
754 1092 854 1115 contra
879 1087 986 1121 apicem
1014 1085 1134 1121 agitati,
1157 1085 1272 1119 quando
1295 1083 1484 1111 barometrum
1508 1082 1543 1110 ab
1566 1089 1626 1110 uno
1650 1082 1718 1109 loco
1736 1081 1766 1109 in
1785 1077 1830 1108 a1-'

317 1149 408 1170 terum
438 1147 589 1178 portatur,
611 1139 758 1176 frangatur
779 1139 810 1167 in
832 1138 956 1167 transitu
979 1136 1032 1166 illo
1056 1135 1243 1174 angustiore,
1271 1142 1322 1163 nec
1348 1140 1426 1162 tanta
1452 1132 1480 1162 vi
1506 1132 1539 1162 ad
1560 1139 1696 1161 cacumen
1720 1118 1832 1168 impin·

314 1200 362 1231 gat
382 1195 463 1230 (2).

356 1244 435 1273 Tum
459 1244 635 1280 inquiritur,
666 1249 762 1272 utrum
786 1242 874 1271 tubus
901 1240 1012 1277 ubique
1035 1240 1150 1269 eandem
1175 1238 1341 1267 diametrum
1370 1237 1490 1266 habeat:
1514 1236 1593 1273 quod
1614 1241 1646 1265 ut
1674 1240 1829 1272 appareat,

319 1297 530 1332 aliquantulum
555 1295 688 1324 mercurii
716 1295 746 1323 in
773 1295 844 1322 tubo
867 1291 1049 1326 infunditur,
1070 1298 1097 1319 et
1125 1291 1164 1318 ita
1189 1290 1335 1326 agitatur,
1358 1294 1389 1316 ut
1408 1293 1556 1324 percurrat
1576 1293 1670 1316 totum
1697 1286 1824 1321 tubum;

320 1349 383 1377 sive
405 1348 502 1376 ordine
533 1347 667 1382 deinceps
690 1345 820 1380 aequales
847 1342 980 1371 mercurii
1006 1341 1179 1376 quantitates
1209 1341 1239 1369 in
1268 1340 1370 1368 tubum
1396 1339 1612 1373 immittuntur3
1644 1337 1669 1365 si
1696 1337 1828 1373 singulae

323 1407 436 1436 semper
459 1406 547 1434 aeque
567 1398 680 1433 longam
702 1396 766 1424 tubi
788 1401 895 1430 partem
919 1393 1060 1429 implent,
1081 1398 1165 1428 aptus
1189 1392 1242 1420 erit
1261 1391 1362 1419 tubus.
1411 1391 1444 1418 In
1467 1388 1629 1417 baronietro
1653 1387 1759 1424 pyxide
1784 1387 1829 1416 in-

323 1459 435 1481 srructo
468 1449 604 1484 sufficiet,
636 1448 660 1477 si
684 1456 716 1477 ea
739 1453 850 1475 tantum
876 1445 938 1474 tubi
970 1452 1035 1480 pars
1062 1448 1194 1472 accurate
1221 1441 1331 1477 ubique
1364 1440 1478 1468 eandem
1515 1439 1615 1467 habeat
1642 1438 1831 1473 diametrum,

323 1512 408 1540 quam
434 1501 595 1532 extremitas
626 1500 777 1529 columnae
802 1495 979 1526 mercurialis
1010 1501 1118 1523 mutata
1157 1493 1227 1522 a'cris
1254 1491 1404 1529 pressione
1427 1489 1583 1527 percurrit:
1615 1489 1645 1518 in
1671 1489 1833 1518 barometro

325 1562 417 1585 autem
442 1552 650 1590 siphoniformi
676 1557 796 1585 utraque
825 1548 985 1577 extremitas
1010 1546 1136 1583 ejusdem
1160 1543 1363 1581 amplitudinis
1389 1541 1472 1570 debet
1498 1549 1569 1569 esse.
1621 1539 1698 1577 Quia
1721 1539 1804 1568 diffie
1808 1540 1834 1568 le

323 1613 368 1636 est
390 1605 491 1634 tubum
514 1610 570 1632 tam
592 1603 737 1639 longum,
768 1608 852 1636 quam
879 1605 1012 1635 oportet,
1044 1596 1191 1632 invenire,
1220 1597 1271 1632 qui
1297 1595 1364 1623 huic
1390 1593 1484 1622 officio
1511 1591 1693 1626 satisfaciat,
1721 1591 1836 1620 brevior

325 1666 423 1696 potest
444 1659 474 1686 in
502 1657 594 1685 medio
618 1654 788 1692 perrumpi,
813 1658 842 1680 et
862 1652 936 1679 inter
965 1650 1015 1678 has
1034 1651 1095 1686 ejus
1114 1654 1208 1684 partes
1226 1645 1371 1681 inter1oni
1394 1644 1468 1672 alius
1494 1642 1602 1676 tubus,
1624 1642 1648 1670 si
1669 1642 1755 1671 modo
1776 1649 1834 1670 am·

325 1712 376 1740 bae
397 1710 461 1738 illae
482 1707 672 1736 extremitates
691 1705 806 1733 candem
836 1702 957 1730 habeant
977 1700 1158 1728 diametrum.

363 1761 523 1797 Postquam
552 1759 608 1787 hoc
640 1758 727 1786 modo
748 1755 925 1791 exquisitum
950 1753 1024 1787 erit,
1053 1758 1146 1780 utrum
1174 1749 1327 1786 proposito
1352 1753 1438 1782 aptus
1460 1744 1499 1773 sit
1525 1745 1636 1779 tubus,
1657 1743 1740 1773 debet
1765 1751 1837 1773 mer-

330 1813 411 1841 curio
434 1810 557 1847 impleri.
597 1808 673 1845 Quia
691 1807 816 1836 altitudo
843 1805 993 1833 columnae
1010 1802 1185 1831 mercurialis
1209 1809 1223 1828 a
1241 1799 1302 1827 sola
1323 1796 1430 1826 externi
1448 1795 1518 1823 actis
1544 1794 1692 1830 pressione
1715 1795 1840 1831 pendere

332 1864 432 1898 debet,
454 1863 542 1891 tubus
568 1866 662 1889 autem
681 1866 792 1894 semper
814 1857 917 1892 plenus
934 1862 977 1883 est
1001 1855 1070 1883 εότίε
1094 1861 1120 1882 ct
1140 1851 1340 1885 humiditatis,
1361 1848 1468 1884 quibus
1489 1847 1516 1874 in
1537 1848 1578 1875 cla
1584 1854 1633 1873 usa
1659 1845 1719 1873 tubi
1744 1851 1834 1892 extre·

332 1915 427 1944 mitate
453 1921 538 1949 supra
565 1910 734 1940 mercurium
763 1906 972 1936 remanentibus
1001 1905 1048 1934 hic
1075 1905 1241 1941 deprimere
1247 1910 1298 1938 ur3
1332 1908 1423 1937 neque
1447 1899 1516 1928 aleo
1545 1898 1634 1927 solam
1665 1897 1736 1926 aeris
1757 1894 1838 1934 pres-

1801 1955 1841 1977 sl·

359 2045 412 2073 (ι)
435 2045 505 2066 Cons.
527 2047 677 2066 fiscan,
697 2037 825 2061 Ge‹:1'21':l1ra
840 2037 879 2057 der
894 2034 996 2064 Physlk,
1019 2034 1044 2059 Τ,
1059 2034 1096 2058 vj,
1116 2040 1139 2061 p,
1155 2039 1206 2060 422,

358 2088 406 2114 (a)
428 2087 493 2109 Cous.
515 2090 603 2109 arur,
628 2082 689 2103 l'r‘e.
710 2081 776 2102 mssm.
800 2081 828 2102 T.
846 2080 862 2100 l·
885 2085 907 2107 p.
924 2083 970 2102 ¹07·
