1946 2517
425 138 739 171 COMMENTATLO
761 149 795 170 ιΝ
816 140 1118 179 ΩΠΑΕΞΤΙΟΝΕΜ
1139 146 1351 179 Μ’ζΟΙΟΑΜ.
1610 161 1647 191 29

131 227 177 255 his
192 224 317 255 vesicula
337 222 433 258 adsit,
455 224 510 252 alia
528 231 596 252 vero
615 224 648 252 ea
665 223 803 252 destituta
823 223 895 253 sint.
937 226 981 254 Ex
1000 226 1251 258 observationibus
1277 231 1453 268 Trem'rant,
1483 233 1641 272 Camperi,

129 276 271 311 cavari,
294 282 386 303 tamen
403 280 497 309 patere
516 275 647 309 videtur,
669 274 801 304 animalia
824 276 938 312 rapacia
954 278 984 306 iu
1004 286 1105 315 genere
1124 281 1249 310 vesicula
1267 281 1368 319 fellis,
1390 290 1416 312 et
1439 285 1551 320 quidem
1576 287 1640 315 reli·

130 328 197 364 quis
218 328 341 363 majore,
365 327 506 355 instructa
526 334 589 354 esse
609 327 691 363 (a).
1454 329 1457 332 “

167 380 195 415 5.
218 386 267 413 52.
294 377 524 414 Distinguuntur
542 377 570 406 in
592 377 719 406 vesicula
733 376 822 405 facies
841 378 973 414 superior
988 386 1015 408 et
1029 380 1170 417 inferior,
1189 383 1266 412 basis
1287 391 1313 412 et
1338 386 1458 416 collum.

166 432 195 467 S.
218 439 265 467 53.
297 430 397 459 Facies
419 428 550 465 superior
572 428 686 464 hepatis
710 428 888 457 substantiae
912 429 1062 461 adhaeret:
1087 433 1114 461 in
1144 435 1243 464 multis
1270 442 1362 465 tamen
1388 437 1578 474 animalibus,
1598 439 1634 467 ab

129 481 231 518 hepate
251 487 379 516 separata
400 481 526 508 cernitur
540 499 550 514 ‚
572 485 683 507 tantum
705 487 720 507 a
741 479 830 507 ductu
850 480 964 515 cystico
983 483 1109 517 pendens
1132 484 1206 521 (b).

168 531 398 560 Faciesiuferior
415 530 503 558 libera
518 535 583 565 est,
604 538 619 558 a
634 529 786 566 peritoneo
801 530 914 559 obtecta
928 551 938 566 ,
959 533 1068 569 glabra,
1084 535 1195 571 polita,
1216 537 1320 573 pyloro
1332 558 1342 573 ‚
1364 539 1498 568 duodeno
1519 547 1546 569 et
1564 541 1634 569 dex.

127 589 187 611 trae
206 582 264 611 coli
285 581 406 610 flexurae
424 580 575 617 contigua.

164 637 192 672 §.
213 644 262 674 54.
302 635 384 663 Basis
404 635 449 663 vel
469 633 598 669 fundus,
620 642 685 670 pars
711 633 856 663 vesiculae
881 634 1020 671 inferior,
1049 642 1076 665 et
1103 637 1248 675 anterior,
1268 639 1296 668 in
1322 641 1420 670 adulto
1445 647 1521 671 extra
1544 642 1632 673 imum

125 687 235 724 hepatis
254 686 373 714 limbum
392 685 556 721 prominet,
577 694 636 714 non
658 693 724 713 vero
742 686 771 714 in
791 685 872 714 foetu
889 685 925 714 ob
948 687 1067 716 visceris
1087 690 1326 725 magnitudinem.

164 738 331 774 Aliquando
347 736 454 766 fundus
473 737 620 766 vesiculae
639 736 754 772 hepatis
770 736 869 765 lobum
891 736 1037 774 perforat,
1059 740 1101 767 uti
1124 740 1234 771 Hallcr
1254 743 1286 770 in
1300 742 1383 772 foetu
1399 744 1491 781 vidit,
1511 751 1543 773 ut
1558 752 1634 781 ego,

126 791 196 819 haec
217 790 284 818 dum
307 788 404 818 scribo
417 808 428 823 ‚
449 788 478 816 in
502 786 568 816 felis
589 788 691 823 hepate
710 787 816 822 video,
839 787 886 815 alii
907 787 938 815 in
957 788 1022 817 aliis
1043 789 1227 820 animalibus.

163 843 192 878 §.
214 850 262 880 55.
304 841 424 869 Collum
440 840 486 868 vel
506 839 602 867 cervix
625 845 748 868 vocatur
765 839 918 875 angustius
938 839 1080 870 vesiculae
1106 849 1261 872 extremum
1281 845 1326 873 vel
1343 846 1404 883 ejus
1422 853 1486 881 pars
1504 846 1635 881 superior

127 899 153 922 et
170 892 334 930 posterior;
358 900 372 920 a
388 898 510 927 corpore
526 890 670 926 incipiens
683 910 693 925 ,
709 890 850 919 continuo
867 890 1018 926 angustior
1034 897 1062 920 et
1079 894 1208 922 strictior
1226 895 1319 923 evadit
1330 916 1339 930 ,
1360 897 1394 923 ad
1410 897 1486 924 latus
1505 897 1635 925 dextrum

122 942 322 972 descendentis
340 942 466 971 duodeni
481 941 630 969 adscendit
642 961 652 976 ,
673 947 700 970 et
718 940 794 969 facta
813 947 965 969 curvatura
977 961 988 976 ,
1008 949 1111 970 contra
1127 951 1156 971 se
1174 945 1269 979 ipsum
1288 946 1464 982 reflectitur,
1486 948 1551 976 dein
1566 956 1635 977 vero

121 1002 258 1029 sursum,
279 994 381 1022 iterum
409 993 510 1021 inflexa
537 992 596 1020 abit
620 992 650 1020 in
677 999 801 1020 meatum
826 991 933 1019 ductus
957 993 1070 1028 cystici.
1113 993 1248 1024 lVinslow
1266 996 1345 1024 illam
1366 1004 1547 1027 curvaturam
1567 1005 1634 1026 cum

121 1045 214 1083 capite
230 1046 290 1074 avis
310 1051 470 1081 comparat.
510 1042 699 1072 Hildebrand
712 1051 778 1072 cum
800 1044 992 1072 instrumento
1014 1045 1029 1079 <
1040 1045 1349 1083 Schraubenmutter)
1371 1048 1447 1084 (c).

158 1099 186 1134 s.
205 1098 254 1133 56.
288 1096 505 1125 Membranacea
523 1094 608 1131 hujus
632 1094 805 1130 receptaculi
828 1093 937 1123 fabrica
955 1102 990 1123 ex
1006 1095 1129 1124 diversis
1148 1097 1204 1125 sibi
1222 1097 1343 1126 invIcem
1369 1099 1627 1136 accumbentibus,

122 1155 151 1177 ct
171 1149 241 1176 telae
267 1155 322 1183 ope
347 1146 504 1175 cellu10sae
519 1146 653 1180 adnexis,
674 1151 817 1174 exstructa
839 1151 883 1174 est
904 1146 1036 1181 tunicis,
1057 1147 1091 1174 de
1114 1155 1233 1182 quarum
1257 1157 1375 1178 numero
1400 1150 1552 1179 anatomici
1574 1159 1635 1180 non

118 1199 329 1233 consentiunt,
345 1198 417 1225 ‘dum
446 1195 494 1225 alii
518 1197 589 1224 duas
614 1203 727 1225 tantum
742 1216 751 1230 ,
773 1196 824 1223 alii
845 1204 946 1225 rursus
964 1204 1053 1232 tres,
1082 1205 1209 1233 quatuor
1227 1199 1270 1226 vel
1296 1201 1425 1235 quinque
1446 1201 1558 1229 tunicas
1577 1208 1636 1229 sta.

118 1256 228 1285 tuunt3
253 1249 373 1284 primam
394 1254 495 1283 nempe
518 1253 678 1281 externam,
700 1248 816 1275 alteram
839 1247 1030 1282 cellulosam,
1054 1248 1164 1277 tertiam
1186 1251 1395 1286 muscularem,
1417 1258 1542 1287 quartam
1568 1260 1633 1280 ner-

118 1309 220 1335 veam,
242 1300 371 1335 quintam
392 1298 437 1328 vel
461 1298 588 1326 ultimam
611 1297 744 1326 villosam
773 1298 836 1326 sive
861 1298 1037 1326 reticulatam
1057 1298 1125 1335 (d)
1146 1301 1190 1328 vel
1213 1302 1370 1329 secundum
1399 1301 1518 1338 Hempel
1537 1303 1630 1338 prima

118 1358 163 1381 est
184 1350 325 1387 peritonei
347 1348 550 1383 continuatio,
579 1349 617 1376 2².
638 1348 798 1381 cellulosa,
832 1349 871 1384 3².
889 1349 1077 1383 musculosa,
1097 1355 1139 1387 4².
1155 1352 1325 1386 vasculosa‚
1346 1356 1387 1389 5³.
1403 1361 1530 1382 mucosa.

156 1403 251 1432 Prima
271 1408 406 1435 externa,
436 1407 552 1434 setosa,
573 1397 668 1435 glabra
688 1397 851 1434 superficiei
872 1404 984 1428 tantum
1006 1400 1135 1436 liberae,
1155 1409 1208 1430 nec
1227 1410 1285 1432 non
1304 1402 1397 1432 fundo
1417 1404 1540 1439 cystidis
1560 1413 1629 1440 pro.

117 1455 180 1493 pria
200 1461 257 1483 est.

155 1505 306 1540 Secunda,
327 1503 487 1538 celluiosa‚
518 1503 588 1531 satis
607 1502 688 1537 laxa,
710 1502 738 1530 in
758 1501 853 1530 obesis
873 1509 1089 1538 nonnumquam
1107 1504 1333 1541 pinguedinosa,
1356 1512 1442 1536 totam
1463 1506 1620 1536 vesiculam

114 1559 226 1593 ambit,
247 1557 409 1591 faciemque
424 1554 600 1590 superiorem
628 1554 723 1589 hepati
745 1552 881 1582 adnectit.
924 1552 1041 1584 Sublata
1070 1556 1120 1584 hac
1149 1557 1246 1585 tunica
1267 1559 1425 1586 secundum
1452 1556 1574 1595 Hempcl
1589 1558 1618 1586 in

113 1615 302 1645 conspectum
318 1607 417 1641 venit,
431 1605 510 1634 tertia
529 1605 717 1640 mus-culatis,
745 1612 885 1633 constans
902 1612 936 1632 ex
953 1606 1035 1634 fibris
1057 1614 1112 1635 tam
1131 1608 1414 1644 longitudinalibus,
1433 1617 1515 1644 quam
1531 1615 1624 1637 trans-

113 1661 203 1689 versis
221 1667 286 1688 curn
312 1658 347 1686 iis
372 1663 479 1685 tractus
498 1657 671 1685 intestinalis
700 1655 963 1692 convenientibus,
993 1658 1102 1692 quibus
1128 1658 1304 1688 irritabilitas
1332 1667 1390 1688 non
1415 1667 1459 1688 est
1480 1660 1621 1696 denegan-

115 1712 149 1741 da
169 1711 252 1749 (ejx
273 1710 308 1739 de
325 1708 414 1746 huJ'us
433 1709 548 1737 tunicae
565 1714 666 1737 natura
682 1709 765 1737 nullo
787 1710 873 1739 modo
892 1709 968 1739 inter
981 1712 1159 1741 anatomicos
1178 1717 1313 1749 constat,
1332 1720 1360 1742 et
1378 1713 1460 1743 multi
1476 1714 1624 1742 muscula-

1446 1769 1452 1775 ’
1564 1770 1622 1791 rem

139 1827 193 1856 (ι)
214 1828 254 1850 Cf.
269 1828 291 1849 C.
305 1827 424 1854 sprengot,
439 1827 493 1850 Lib.
510 1827 555 1848 Cir.
573 1830 593 1855 ς.
606 1833 652 1854 ¹³9-
682 1827 782 1856 Mm'ler,
797 1828 862 1850 Diu.
877 1828 901 1848 de
917 1833 972 1857 [sep.
990 1836 1013 1857 p,
1028 1835 1064 1857 75,

139 1873 192 1901 (b)
212 1872 248 1895 (s.
268 1871 412 1898 thrrand,
427 1872 465 1893 ΕΙ.
481 1872 506 1892 de
522 1873 586 1898 Phyy‚
608 1874 633 1895 T,
650 1879 668 1896 l.
687 1881 708 1900 p·
722 1880 775 1902 ²⁰9¹

137 1914 190 1941 (c)
211 1913 250 1936 Cf.
267 1913 382 1941 lfimlaw,
400 1913 440 1936 lar,
455 1914 496 1936 ese.
527 1915 563 1938 ef,
580 1914 735 1942 Jlild‘brand,
752 1915 815 1939 Lll-r,
831 1918 879 1941 εἰς,
895 1919 916 1947 ς,
930 1923 994 1940 2121.
1025 1918 1062 1940 Cf,
1080 1916 1215 1943 Galeogelr,
1234 1914 1349 1941 &plu-vehit,
1368 1921 1392 1942 p.
1411 1919 1457 1942 ‘9⁵-

137 1953 189 1983 (l)
214 1955 251 1976 Cf.
269 1954 360 1980 Halm,
376 1955 445 1977 Elam.
460 1954 526 1981 Pliyr,
543 1957 571 1977 Τ,
588 1956 608 1977 6,
633 1959 655 1979 L.
674 1963 707 1982 ²3-
731 1960 751 1979 3,
769 1965 789 1980 2.
813 1958 837 1986 ς.
852 1967 873 1985 ³·

138 1995 185 2023 (ε)
204 1996 241 2022 εἴ,
258 1996 364 2025 llampnl,
380 1996 476 2019 Grondb.
490 1996 529 2016 dar
545 1996 607 2020 Onu.
629 1998 657 2020 D.
671 2005 692 2022 2.
713 2007 737 2027 p.
756 2005 807 2028 395.

903 2040 971 2078 Da
