1946 2517
266 189 284 217 4
542 174 582 206 G.
663 168 1006 203 H.COST
1085 164 1502 204 JORDENS

273 268 391 297 quoque
418 264 524 295 partem
556 256 750 297 intellexisse,
777 252 892 294 depliac
914 249 1053 295 fitiaeclam
1080 248 1201 286 adjicere
1231 246 1389 282 constitui,
1421 253 1454 274 ne
1483 253 1513 274 ea
1536 244 1683 281 deessent,
1714 252 1790 282 quae

274 312 349 341 forte
374 311 437 339 Viri
459 308 621 338 Clarissimi
647 306 845 334 desiderarent.
896 292 901 296 ’
1224 290 1226 293 ’
1302 294 1305 297 ’
1405 296 1408 299 ’
1524 294 1531 300 “

311 363 399 391 Porro
413 381 422 396 ‚
450 361 558 389 ratione
580 357 674 386 habita
690 353 889 392 explicationis
914 352 1124 387 ProbIemads,
1149 350 1351 386 consideravi,
1374 349 1443 385 quid
1465 348 1680 385 intelligendum
1709 354 1784 378 esset

275 411 331 440 sub
359 411 445 439 verbo
470 411 643 447 explicetur.

313 462 418 490 Putavi
441 461 569 496 equidem
592 458 664 488 illud
681 457 791 493 duplici
810 456 896 485 modo
919 455 1011 490 accipi
1030 461 1136 490 posse3
1158 455 1227 483 alter
1246 459 1325 488 erat,
1349 458 1381 480 ut
1403 450 1572 486 simpliciter
1595 450 1783 486 explicaretur

276 511 424 541 Problema
461 509 617 538 secundum
652 515 782 543 statum,
812 507 842 535 in
869 514 927 542 quo
949 513 1026 534 nunc
1052 505 1184 533 scientiae
1212 505 1268 532 huc
1294 503 1473 539 pertinentes
1500 507 1665 536 versantur3
1694 501 1784 535 alter,

274 569 308 590 ut
336 561 471 591 historice
506 560 660 597 praecipue
687 564 875 595 exponeretur
893 577 903 591 ‚
931 557 1079 592 quomodo
1111 564 1167 595 per
1192 556 1267 584 varia
1299 562 1426 591 tempora
1449 554 1626 591 Quadratura
1658 558 1785 589 spectata

278 613 405 648 fuisset,
427 619 516 648 utque
543 611 634 642 variae
657 609 784 639 methodi
810 608 1028 643 exhiberentur,
1049 615 1123 642 quas
1152 607 1213 643 ejus
1234 605 1343 634 ratione
1363 606 1531 634 Geometrae
1559 608 1783 640 proposuerunt.

319 666 383 693 Etsi
406 670 500 692 autem
529 668 653 698 utroque
677 661 763 689 modo
794 658 955 695 quaestioni
988 657 1156 693 propositae
1191 655 1357 685 satisfacere
1383 664 1469 692 posse
1494 655 1564 684 mihi
1591 655 1715 690 viderer,
1742 656 1786 685 ul-

278 718 379 746 timum
404 723 497 744 tamen
522 713 663 749 praetuli,
685 711 794 747 quippe
813 709 847 737 ad
868 707 1067 737 elaborandum
1083 707 1284 744 iucundiorem
1307 713 1336 736 et
1351 707 1385 735 ad
1410 714 1582 742 progressus
1606 706 1710 743 ingenii
1732 706 1787 734 hu-

278 767 353 796 mani
386 764 555 794 indicandos
580 763 738 800 aptiorem,
768 761 836 789 dum
864 766 1005 796 praeterea
1036 757 1078 786 sic
1110 758 1228 789 ultimus
1250 764 1278 787 et
1300 758 1422 794 priorem
1448 756 1615 785 contineret.
1657 755 1787 784 Termini

279 828 368 854 vero,
396 819 469 846 intra
502 824 577 851 quos
603 814 761 843 consistere
794 811 898 847 debui,
926 818 953 838 et
984 810 1080 838 minus
1114 815 1245 837 accurata
1273 815 1300 836 et
1331 807 1498 844 imperfecta
1529 807 1642 843 juvenis
1668 805 1789 835 scientia

283 877 384 898 causae
409 867 548 902 fuerunt,
569 874 654 902 quare
674 866 742 893 haec
766 862 916 898 responsio
943 869 1000 889 uon
1025 860 1111 889 latius
1128 868 1241 889 exrensa
1258 860 1318 895 sit,
1340 869 1391 889 nec
1418 867 1518 889 omnes
1535 859 1592 888 hue
1613 858 1787 895 pertinentes

288 919 415 949 methodi
445 925 471 947 et
500 918 679 954 operationes
701 915 843 945 exhibitae
869 914 940 942 sint.

319 970 490 1000 Observatis
517 969 582 1005 his,
609 967 800 997 indicabimus
831 964 987 1000 rationem,
1017 971 1101 1000 quam
1128 963 1159 992 in
1189 961 1393 991 distributione
1426 961 1515 999 hujus
1542 958 1712 996 scriptionis
1736 959 1787 988 ha-

280 1023 409 1052 buimus.
1760 1008 1797 1040 3'3

322 1073 421 1102 Dividi
443 1072 519 1100 illam
543 1071 573 1100 in
596 1070 727 1105 quinque
752 1067 877 1103 Capita,
899 1064 1023 1101 quorum
1642 1051 1644 1054 ’
1712 1054 1714 1058 ’

284 1122 420 1153 Primum
449 1123 552 1156 docet,
583 1120 654 1156 quid
681 1119 801 1147 Veteres
829 1117 863 1146 de
886 1115 1067 1152 Quadratum
1086 1114 1249 1145 curvarum
1272 1113 1393 1143 fecerint
1415 1117 1443 1141 et
1465 1110 1667 1149 cogitaverint.
1707 1103 1796 1142 Con-¹

325 1174 397 1203 tinet
422 1173 493 1201 illud
519 1178 576 1200 tres
598 1171 657 1207 §§‚
679 1169 806 1198 scilicet·
1789 1169 1795 1173 -

364 1226 396 1262 S.
420 1223 591 1260 1.explicat
613 1221 683 1256 quid
701 1219 738 1247 sit
760 1218 939 1256 Quadratura
966 1216 1143 1246 Curvarum.

363 1277 395 1313 ς.
419 1283 449 1304 2.
470 1273 599 1301 continet
623 1270 835 1308 Quadraturam
860 1268 1022 1298 Cui-varum
1046 1269 1124 1305 apud
1149 1274 1256 1298 veteres
1283 1265 1411 1298 Graecos
1426 1288 1437 1304 ‚
1465 1267 1510 1297 uti
1541 1272 1570 1296 et
1597 1267 1732 1303 quaedam
1758 1266 1795 1296 de

396 1324 506 1354 lunulis
534 1321 734 1361 Hippocratis.
1787 1324 1790 1327 -

361 1377 395 1414 s.
417 1385 445 1414 3.
466 1374 590 1406 breviter
615 1371 729 1401 exhibet
756 1370 934 1400 celeberrima
967 1369 1153 1399 Archimedis
1189 1370 1304 1399 inventa
1337 1369 1411 1397 circa
1439 1367 1638 1404 Parabolam,
1666 1361 1796 1406 Ellipsiti

399 1434 426 1456 et
451 1425 613 1456 circulum.

290 1478 449 1510 Secundum
475 1477 532 1513 agit
559 1474 594 1504 de
619 1474 755 1503 methodo
778 1473 998 1502 Indivisibilium
1019 1471 1190 1507 Cavalerii,
1214 1476 1241 1499 et

291 1531 420 1559 Tertium
449 1528 482 1556 de
504 1525 685 1556 celeberrima
712 1525 807 1559 regula
833 1522 969 1553 Guldim'.

293 1581 445 1619 Quartum
467 1577 591 1614 explicat
623 1575 791 1610 Problema,
819 1575 956 1610 exemplis
978 1573 1175 1607 illustratum,
1208 1570 1365 1599 secundum
1403 1569 1544 1606 principia
1571 1569 1686 1600 Calculi
1710 1570 1802 1601 Diffe-

328 1629 454 1658 rentialis
477 1634 503 1656 et
526 1625 687 1662 Integralis.

368 1678 563 1708 Distributum
592 1676 662 1704 illud
686 1681 729 1703 est
750 1675 779 1704 in
807 1675 877 1703 duas
901 1674 1068 1709 Sectiones‚
1090 1682 1210 1710 quarum

334 1730 441 1759 Prima
459 1730 516 1766 agit
531 1728 751 1765 deQuadratura
767 1727 950 1762 curvarum,
970 1726 1106 1762 exemplis
1116 1726 1238 1760 additis,
1253 1732 1307 1761 pro
1317 1723 1464 1752 ordinatis
1482 1722 1625 1752 Parallelis
1642 1722 1734 1760 iisque
1744 1722 1799 1752 Or-

370 1780 588 1818 thogonalibus.
630 1779 662 1808 In
680 1779 740 1815 eius
764 1779 793 1814 s.
817 1787 843 1806 1.
861 1777 955 1812 ipsum
969 1777 1118 1806 Problema
1130 1776 1263 1812 exposui.
1303 1776 1335 1804 In
1359 1776 1407 1812 §§.
1429 1783 1499 1803 vero
1515 1782 1602 1811 2—9
1621 1776 1748 1810 exempla
1763 1775 1799 1804 ad

372 1831 443 1859 illud
456 1829 658 1859 illustrandum
678 1827 822 1864 proposui
837 1826 1036 1862 parabolam,
1055 1827 1203 1856 circulum
1215 1847 1226 1862 ‚
1244 1826 1392 1864 Ellipsin,
1411 1825 1619 1862 Hyper-bolam,
1637 1825 1795 1861 Cycloidcm

372 1882 486 1919 ejusque
509 1882 633 1914 sociam,
655 1877 858 1913 Conchoidem,
882 1877 1031 1906 Cissoidem
1048 1885 1076 1907 et
1095 1878 1218 1907 Limam
1244 1878 1423 1914 Logisticam
1449 1877 1508 1905 sive
1531 1876 1796 1913 Logarithmicam.

337 1931 467 1960 Secunda
493 1932 616 1967 explicat
638 1930 806 1963 Problema,
836 1928 940 1956 additis
963 1928 1123 1964 exemplis,
1151 1937 1203 1964 pro
1233 1936 1322 1963 casu,
1349 1928 1398 1956 ubi
1416 1935 1501 1955 curva
1527 1926 1662 1954 referatur
1685 1928 1719 1955 ad
1742 1927 1794 1955 ali-

375 1986 458 2018 quem
484 1982 601 2019 focum,
623 1983 661 2010 ita
687 1988 718 2010 ut
743 1980 925 2010 coordinatae
944 1980 1002 2010 sint
1027 1980 1099 2011 radii
1116 1985 1244 2010 vectores
1262 1985 1289 2008 et
1312 1978 1428 2016 anguli,
1451 1985 1526 2015 quos
1549 1977 1579 2006 hi
1607 1977 1677 2007 radii
1704 1984 1801 2007 vecto-

1763 2033 1807 2058 ¹08
