<?xml version="1.0" encoding="UTF-8"?>
<!DOCTYPE html PUBLIC "-//W3C//DTD XHTML 1.0 Transitional//EN"
    "http://www.w3.org/TR/xhtml1/DTD/xhtml1-transitional.dtd">
<html xmlns="http://www.w3.org/1999/xhtml" xml:lang="en" lang="en">
 <head>
  <title>
</title>
<meta http-equiv="Content-Type" content="text/html;charset=utf-8" />
  <meta name='ocr-system' content='tesseract 3.04.00' />
  <meta name='ocr-capabilities' content='ocr_page ocr_carea ocr_par ocr_line ocrx_word'/>
</head>
<body>
  <div class='ocr_page' id='page_1' title='image "annalesacademiae21rijk_0124.png"; bbox 0 0 1946 2517; ppageno 0'>
   <div class='ocr_carea' id='block_1_1' title="bbox 356 186 1485 226">
    <p class='ocr_par' dir='ltr' id='par_1_1' title="bbox 356 186 1485 226">
     <span class='ocr_line' id='line_1_1' title="bbox 356 186 1485 226; baseline 0.005 -6"><span class='ocrx_word' id='word_1_1' title='bbox 356 186 379 221; x_wconf 74' lang='lat'>‘8</span> <span class='ocrx_word' id='word_1_2' title='bbox 642 189 644 191; x_wconf 63' lang='grc'><strong><em>’</em></strong></span> <span class='ocrx_word' id='word_1_3' title='bbox 743 190 784 221; x_wconf 86' lang='lat'>11.</span> <span class='ocrx_word' id='word_1_4' title='bbox 861 193 895 222; x_wconf 76' lang='lat' dir='ltr'>P.</span> <span class='ocrx_word' id='word_1_5' title='bbox 973 201 1044 223; x_wconf 73' lang='lat' dir='ltr'>nn</span> <span class='ocrx_word' id='word_1_6' title='bbox 1124 192 1485 226; x_wconf 84' lang='lat' dir='ltr'>KANTER</span> 
     </span>
    </p>
   </div>
   <div class='ocr_carea' id='block_1_2' title="bbox 362 272 1867 464">
    <p class='ocr_par' dir='ltr' id='par_1_2' title="bbox 362 272 1867 464">
     <span class='ocr_line' id='line_1_2' title="bbox 363 272 1866 314; baseline 0.004 -13"><span class='ocrx_word' id='word_1_7' title='bbox 363 272 484 303; x_wconf 84' lang='lat' dir='ltr'>Sublata</span> <span class='ocrx_word' id='word_1_8' title='bbox 511 273 553 302; x_wconf 82' lang='lat' dir='ltr'>sic</span> <span class='ocrx_word' id='word_1_9' title='bbox 583 281 702 310; x_wconf 79' lang='lat' dir='ltr'>prorsus</span> <span class='ocrx_word' id='word_1_10' title='bbox 729 274 917 311; x_wconf 76' lang='lat' dir='ltr'>aequalitate,</span> <span class='ocrx_word' id='word_1_11' title='bbox 941 276 1046 305; x_wconf 83' lang='lat' dir='ltr'>sensim</span> <span class='ocrx_word' id='word_1_12' title='bbox 1071 275 1235 306; x_wconf 81' lang='lat' dir='ltr'>introducta</span> <span class='ocrx_word' id='word_1_13' title='bbox 1254 283 1296 306; x_wconf 82' lang='lat' dir='ltr'>est</span> <span class='ocrx_word' id='word_1_14' title='bbox 1327 276 1510 313; x_wconf 83' lang='lat' dir='ltr'>Hierarchia,</span> <span class='ocrx_word' id='word_1_15' title='bbox 1533 285 1605 314; x_wconf 84' lang='lat' dir='ltr'>quae</span> <span class='ocrx_word' id='word_1_16' title='bbox 1627 277 1779 309; x_wconf 75' lang='lat' dir='ltr'>identidem</span> <span class='ocrx_word' id='word_1_17' title='bbox 1798 289 1866 310; x_wconf 77' lang='lat' dir='ltr'>aue.</span> 
     </span>
     <span class='ocr_line' id='line_1_3' title="bbox 363 324 1867 364; baseline 0.003 -11"><span class='ocrx_word' id='word_1_18' title='bbox 363 330 393 353; x_wconf 83' lang='lat' dir='ltr'>ta</span> <span class='ocrx_word' id='word_1_19' title='bbox 421 331 448 352; x_wconf 89' lang='lat' dir='ltr'>et</span> <span class='ocrx_word' id='word_1_20' title='bbox 474 325 501 352; x_wconf 89' lang='lat' dir='ltr'>in</span> <span class='ocrx_word' id='word_1_21' title='bbox 529 324 620 360; x_wconf 82' lang='lat' dir='ltr'>maJ&#39;us</span> <span class='ocrx_word' id='word_1_22' title='bbox 646 324 791 361; x_wconf 81' lang='lat' dir='ltr'>fastigium</span> <span class='ocrx_word' id='word_1_23' title='bbox 813 332 909 354; x_wconf 85' lang='lat' dir='ltr'>evecta</span> <span class='ocrx_word' id='word_1_24' title='bbox 931 332 993 361; x_wconf 75' lang='lat' dir='ltr'>est,</span> <span class='ocrx_word' id='word_1_25' title='bbox 1025 327 1116 355; x_wconf 88' lang='lat' dir='ltr'>donec</span> <span class='ocrx_word' id='word_1_26' title='bbox 1140 328 1251 356; x_wconf 82' lang='lat' dir='ltr'>tandem</span> <span class='ocrx_word' id='word_1_27' title='bbox 1274 327 1442 364; x_wconf 76' lang='lat' dir='ltr'><strong>Episcopus</strong></span> <span class='ocrx_word' id='word_1_28' title='bbox 1470 327 1619 357; x_wconf 82' lang='lat' dir='ltr'>Romanus</span> <span class='ocrx_word' id='word_1_29' title='bbox 1640 329 1790 359; x_wconf 79' lang='lat' dir='ltr'>universae</span> <span class='ocrx_word' id='word_1_30' title='bbox 1810 332 1867 360; x_wconf 82' lang='lat' dir='ltr'>Ec.</span> 
     </span>
     <span class='ocr_line' id='line_1_4' title="bbox 362 374 1867 418; baseline 0.005 -16"><span class='ocrx_word' id='word_1_31' title='bbox 362 374 464 403; x_wconf 87' lang='lat' dir='ltr'>clesiae</span> <span class='ocrx_word' id='word_1_32' title='bbox 489 381 576 411; x_wconf 88' lang='lat' dir='ltr'>caput</span> <span class='ocrx_word' id='word_1_33' title='bbox 604 380 691 403; x_wconf 86' lang='lat' dir='ltr'>semet</span> <span class='ocrx_word' id='word_1_34' title='bbox 720 375 928 411; x_wconf 77' lang='lat' dir='ltr'>constitueret,</span> <span class='ocrx_word' id='word_1_35' title='bbox 954 384 1170 414; x_wconf 85' lang='lat' dir='ltr'>arrogatamque</span> <span class='ocrx_word' id='word_1_36' title='bbox 1201 379 1276 407; x_wconf 76' lang='lat' dir='ltr'>illam</span> <span class='ocrx_word' id='word_1_37' title='bbox 1307 380 1505 408; x_wconf 79' lang='lat' dir='ltr'>auctoritatem</span> <span class='ocrx_word' id='word_1_38' title='bbox 1532 388 1582 416; x_wconf 88' lang='lat' dir='ltr'>per</span> <span class='ocrx_word' id='word_1_39' title='bbox 1607 381 1701 409; x_wconf 75' lang='lat' dir='ltr'>omnia</span> <span class='ocrx_word' id='word_1_40' title='bbox 1734 382 1867 418; x_wconf 76' lang='lat' dir='ltr'><strong>deinceps</strong></span> 
     </span>
     <span class='ocr_line' id='line_1_5' title="bbox 366 426 1447 464; baseline 0.003 -9"><span class='ocrx_word' id='word_1_41' title='bbox 366 426 484 455; x_wconf 76' lang='lat' dir='ltr'>Saecula</span> <span class='ocrx_word' id='word_1_42' title='bbox 512 426 601 462; x_wconf 82' lang='lat' dir='ltr'>magis</span> <span class='ocrx_word' id='word_1_43' title='bbox 627 427 777 463; x_wconf 83' lang='lat' dir='ltr'>magisque</span> <span class='ocrx_word' id='word_1_44' title='bbox 799 426 986 463; x_wconf 82' lang='lat' dir='ltr'>amplificaret</span> <span class='ocrx_word' id='word_1_45' title='bbox 1010 429 1147 464; x_wconf 86' lang='lat' dir='ltr'>omnique</span> <span class='ocrx_word' id='word_1_46' title='bbox 1169 431 1256 458; x_wconf 85' lang='lat' dir='ltr'>modo</span> <span class='ocrx_word' id='word_1_47' title='bbox 1281 431 1447 459; x_wconf 82' lang='lat' dir='ltr'>vindicaret.</span> 
     </span>
    </p>
   </div>
   <div class='ocr_carea' id='block_1_3' title="bbox 401 478 1874 519">
    <p class='ocr_par' dir='ltr' id='par_1_3' title="bbox 401 478 1874 519">
     <span class='ocr_line' id='line_1_6' title="bbox 401 478 1874 519; baseline 0.004 -14"><span class='ocrx_word' id='word_1_48' title='bbox 401 478 531 506; x_wconf 67' lang='lat' dir='ltr'>Lutlzcri</span> <span class='ocrx_word' id='word_1_49' title='bbox 551 484 641 505; x_wconf 85' lang='lat' dir='ltr'>autem</span> <span class='ocrx_word' id='word_1_50' title='bbox 677 484 785 514; x_wconf 85' lang='lat' dir='ltr'>aetate,</span> <span class='ocrx_word' id='word_1_51' title='bbox 815 486 870 506; x_wconf 88' lang='lat' dir='ltr'>una</span> <span class='ocrx_word' id='word_1_52' title='bbox 896 486 962 508; x_wconf 87' lang='lat' dir='ltr'>cum</span> <span class='ocrx_word' id='word_1_53' title='bbox 994 479 1189 508; x_wconf 82' lang='lat' dir='ltr'>emendatione</span> <span class='ocrx_word' id='word_1_54' title='bbox 1221 488 1387 517; x_wconf 85' lang='lat' dir='ltr'>sacrorum,</span> <span class='ocrx_word' id='word_1_55' title='bbox 1416 480 1631 510; x_wconf 82' lang='lat' dir='ltr'>Reformatione</span> <span class='ocrx_word' id='word_1_56' title='bbox 1656 482 1745 518; x_wconf 86' lang='lat' dir='ltr'>vulgo</span> <span class='ocrx_word' id='word_1_57' title='bbox 1769 482 1874 519; x_wconf 61' lang='lat' dir='ltr'>dicta,</span> 
     </span>
    </p>
   </div>
   <div class='ocr_carea' id='block_1_4' title="bbox 344 530 1868 2098">
    <p class='ocr_par' dir='ltr' id='par_1_4' title="bbox 357 530 1867 721">
     <span class='ocr_line' id='line_1_7' title="bbox 361 530 1867 568; baseline 0.002 -9"><span class='ocrx_word' id='word_1_58' title='bbox 361 530 444 560; x_wconf 88' lang='lat' dir='ltr'>etiam</span> <span class='ocrx_word' id='word_1_59' title='bbox 468 531 596 561; x_wconf 87' lang='lat' dir='ltr'>muneris</span> <span class='ocrx_word' id='word_1_60' title='bbox 621 531 695 560; x_wconf 80' lang='lat' dir='ltr'>sacri</span> <span class='ocrx_word' id='word_1_61' title='bbox 718 532 790 560; x_wconf 86' lang='lat' dir='ltr'>ratio</span> <span class='ocrx_word' id='word_1_62' title='bbox 815 540 986 568; x_wconf 80' lang='lat' dir='ltr'>magnopere</span> <span class='ocrx_word' id='word_1_63' title='bbox 1008 538 1114 560; x_wconf 84' lang='lat' dir='ltr'>mutata</span> <span class='ocrx_word' id='word_1_64' title='bbox 1143 538 1230 568; x_wconf 87' lang='lat' dir='ltr'>atque</span> <span class='ocrx_word' id='word_1_65' title='bbox 1253 532 1287 560; x_wconf 87' lang='lat' dir='ltr'>ab</span> <span class='ocrx_word' id='word_1_66' title='bbox 1315 532 1368 560; x_wconf 80' lang='lat' dir='ltr'>boc</span> <span class='ocrx_word' id='word_1_67' title='bbox 1397 531 1461 560; x_wconf 78' lang='lat' dir='ltr'>inde</span> <span class='ocrx_word' id='word_1_68' title='bbox 1486 539 1613 567; x_wconf 83' lang='lat' dir='ltr'>tempore</span> <span class='ocrx_word' id='word_1_69' title='bbox 1637 532 1726 568; x_wconf 79' lang='lat' dir='ltr'>magis</span> <span class='ocrx_word' id='word_1_70' title='bbox 1755 541 1867 562; x_wconf 89' lang='lat' dir='ltr'>accom-</span> 
     </span>
     <span class='ocr_line' id='line_1_8' title="bbox 361 582 1862 621; baseline 0.002 -11"><span class='ocrx_word' id='word_1_71' title='bbox 361 582 476 611; x_wconf 88' lang='lat' dir='ltr'>modata</span> <span class='ocrx_word' id='word_1_72' title='bbox 499 588 560 618; x_wconf 88' lang='lat' dir='ltr'>est,</span> <span class='ocrx_word' id='word_1_73' title='bbox 581 583 616 611; x_wconf 78' lang='lat' dir='ltr'>ad</span> <span class='ocrx_word' id='word_1_74' title='bbox 637 582 816 612; x_wconf 88' lang='lat' dir='ltr'>diversorum</span> <span class='ocrx_word' id='word_1_75' title='bbox 843 589 1004 619; x_wconf 85' lang='lat' dir='ltr'>temporum</span> <span class='ocrx_word' id='word_1_76' title='bbox 1029 591 1122 612; x_wconf 86' lang='lat' dir='ltr'>mores</span> <span class='ocrx_word' id='word_1_77' title='bbox 1148 590 1176 613; x_wconf 91' lang='lat' dir='ltr'>et</span> <span class='ocrx_word' id='word_1_78' title='bbox 1199 584 1425 612; x_wconf 76' lang='lat' dir='ltr'>consuetudines</span> <span class='ocrx_word' id='word_1_79' title='bbox 1450 583 1536 612; x_wconf 78' lang='lat' dir='ltr'>variis</span> <span class='ocrx_word' id='word_1_80' title='bbox 1568 584 1599 612; x_wconf 90' lang='lat' dir='ltr'>in</span> <span class='ocrx_word' id='word_1_81' title='bbox 1622 583 1696 612; x_wconf 80' lang='lat' dir='ltr'>locis</span> <span class='ocrx_word' id='word_1_82' title='bbox 1717 590 1862 621; x_wconf 84' lang='lat' dir='ltr'>receptas,</span> 
     </span>
     <span class='ocr_line' id='line_1_9' title="bbox 357 633 1865 671; baseline 0 -9"><span class='ocrx_word' id='word_1_83' title='bbox 357 634 432 662; x_wconf 88' lang='lat' dir='ltr'>unde</span> <span class='ocrx_word' id='word_1_84' title='bbox 453 633 561 662; x_wconf 87' lang='lat' dir='ltr'>factum</span> <span class='ocrx_word' id='word_1_85' title='bbox 587 641 651 670; x_wconf 91' lang='lat' dir='ltr'>est,</span> <span class='ocrx_word' id='word_1_86' title='bbox 681 642 713 663; x_wconf 89' lang='lat' dir='ltr'>ut</span> <span class='ocrx_word' id='word_1_87' title='bbox 736 635 766 663; x_wconf 90' lang='lat' dir='ltr'>in</span> <span class='ocrx_word' id='word_1_88' title='bbox 789 634 910 671; x_wconf 88' lang='lat' dir='ltr'>singulis</span> <span class='ocrx_word' id='word_1_89' title='bbox 936 633 995 663; x_wconf 85' lang='lat' dir='ltr'>fere</span> <span class='ocrx_word' id='word_1_90' title='bbox 1018 639 1155 665; x_wconf 84' lang='lat' dir='ltr'>terrarum</span> <span class='ocrx_word' id='word_1_91' title='bbox 1192 634 1271 663; x_wconf 89' lang='lat' dir='ltr'>orbis</span> <span class='ocrx_word' id='word_1_92' title='bbox 1292 633 1459 671; x_wconf 76' lang='lat' dir='ltr'>regionibus</span> <span class='ocrx_word' id='word_1_93' title='bbox 1480 635 1573 671; x_wconf 75' lang='lat' dir='ltr'>aIIqua</span> <span class='ocrx_word' id='word_1_94' title='bbox 1599 643 1614 663; x_wconf 93' lang='lat' dir='ltr'>a</span> <span class='ocrx_word' id='word_1_95' title='bbox 1636 634 1753 664; x_wconf 85' lang='lat' dir='ltr'>caeteris</span> <span class='ocrx_word' id='word_1_96' title='bbox 1773 635 1865 665; x_wconf 88' lang='lat' dir='ltr'>diver.</span> 
     </span>
     <span class='ocr_line' id='line_1_10' title="bbox 357 684 660 721; baseline 0.003 -8"><span class='ocrx_word' id='word_1_97' title='bbox 357 684 430 713; x_wconf 83' lang='lat' dir='ltr'>sitas</span> <span class='ocrx_word' id='word_1_98' title='bbox 451 685 660 721; x_wconf 83' lang='lat' dir='ltr'>conspiciatur.</span> 
     </span>
    </p>

    <p class='ocr_par' dir='ltr' id='par_1_5' title="bbox 353 734 1867 1130">
     <span class='ocr_line' id='line_1_11' title="bbox 395 734 1865 774; baseline 0.001 -10"><span class='ocrx_word' id='word_1_99' title='bbox 395 734 462 764; x_wconf 89' lang='lat' dir='ltr'>Hoc</span> <span class='ocrx_word' id='word_1_100' title='bbox 490 742 557 764; x_wconf 84' lang='lat' dir='ltr'>vero</span> <span class='ocrx_word' id='word_1_101' title='bbox 581 743 640 764; x_wconf 83' lang='lat' dir='ltr'>non</span> <span class='ocrx_word' id='word_1_102' title='bbox 670 736 803 766; x_wconf 83' lang='lat' dir='ltr'>obstante</span> <span class='ocrx_word' id='word_1_103' title='bbox 830 736 1013 774; x_wconf 82' lang='lat' dir='ltr'>discrimine,</span> <span class='ocrx_word' id='word_1_104' title='bbox 1039 736 1110 766; x_wconf 86' lang='lat' dir='ltr'>idem</span> <span class='ocrx_word' id='word_1_105' title='bbox 1140 737 1222 766; x_wconf 80' lang='lat' dir='ltr'>&#39;omni</span> <span class='ocrx_word' id='word_1_106' title='bbox 1247 742 1336 766; x_wconf 83' lang='lat' dir='ltr'>aetate</span> <span class='ocrx_word' id='word_1_107' title='bbox 1366 738 1427 774; x_wconf 85' lang='lat' dir='ltr'>ejus</span> <span class='ocrx_word' id='word_1_108' title='bbox 1457 736 1613 765; x_wconf 84' lang='lat' dir='ltr'>consilium</span> <span class='ocrx_word' id='word_1_109' title='bbox 1645 737 1673 765; x_wconf 87' lang='lat' dir='ltr'>e&#39;t</span> <span class='ocrx_word' id='word_1_110' title='bbox 1701 737 1794 765; x_wconf 81' lang='lat' dir='ltr'>eadem</span> <span class='ocrx_word' id='word_1_111' title='bbox 1819 737 1865 766; x_wconf 82' lang='lat' dir='ltr'>lex</span> 
     </span>
     <span class='ocr_line' id='line_1_12' title="bbox 355 788 1862 824; baseline 0.001 -10"><span class='ocrx_word' id='word_1_112' title='bbox 355 793 467 815; x_wconf 87' lang='lat' dir='ltr'>summa</span> <span class='ocrx_word' id='word_1_113' title='bbox 495 794 581 824; x_wconf 85' lang='lat' dir='ltr'>atque</span> <span class='ocrx_word' id='word_1_114' title='bbox 611 795 709 817; x_wconf 86' lang='lat' dir='ltr'>norma</span> <span class='ocrx_word' id='word_1_115' title='bbox 741 789 799 824; x_wconf 87' lang='lat' dir='ltr'>sit,</span> <span class='ocrx_word' id='word_1_116' title='bbox 827 796 941 817; x_wconf 82' lang='lat' dir='ltr'>necesse</span> <span class='ocrx_word' id='word_1_117' title='bbox 970 795 1024 819; x_wconf 86' lang='lat' dir='ltr'>est.</span> <span class='ocrx_word' id='word_1_118' title='bbox 1072 788 1219 818; x_wconf 82' lang='lat' dir='ltr'>Nimirum</span> <span class='ocrx_word' id='word_1_119' title='bbox 1251 788 1284 816; x_wconf 85' lang='lat' dir='ltr'>ad</span> <span class='ocrx_word' id='word_1_120' title='bbox 1310 788 1431 817; x_wconf 79' lang='lat' dir='ltr'>docendi</span> <span class='ocrx_word' id='word_1_121' title='bbox 1459 794 1552 824; x_wconf 85' lang='lat' dir='ltr'>partes</span> <span class='ocrx_word' id='word_1_122' title='bbox 1580 788 1658 823; x_wconf 89' lang='lat' dir='ltr'>quod</span> <span class='ocrx_word' id='word_1_123' title='bbox 1685 788 1804 823; x_wconf 84' lang='lat' dir='ltr'>attinet,</span> <span class='ocrx_word' id='word_1_124' title='bbox 1832 788 1862 816; x_wconf 87' lang='lat' dir='ltr'>in</span> 
     </span>
     <span class='ocr_line' id='line_1_13' title="bbox 356 838 1864 876; baseline 0 -10"><span class='ocrx_word' id='word_1_125' title='bbox 356 839 464 874; x_wconf 89' lang='lat' dir='ltr'>quibus</span> <span class='ocrx_word' id='word_1_126' title='bbox 491 839 529 867; x_wconf 89' lang='lat' dir='ltr'>rei</span> <span class='ocrx_word' id='word_1_127' title='bbox 557 838 707 867; x_wconf 80' lang='lat' dir='ltr'>universae</span> <span class='ocrx_word' id='word_1_128' title='bbox 728 838 902 875; x_wconf 83' lang='lat' dir='ltr'>principium</span> <span class='ocrx_word' id='word_1_129' title='bbox 930 847 956 867; x_wconf 88' lang='lat' dir='ltr'>et</span> <span class='ocrx_word' id='word_1_130' title='bbox 980 847 1091 867; x_wconf 88' lang='lat' dir='ltr'>summa</span> <span class='ocrx_word' id='word_1_131' title='bbox 1115 845 1180 874; x_wconf 83' lang='lat' dir='ltr'>est,</span> <span class='ocrx_word' id='word_1_132' title='bbox 1200 847 1233 868; x_wconf 89' lang='lat' dir='ltr'>eo</span> <span class='ocrx_word' id='word_1_133' title='bbox 1260 846 1389 876; x_wconf 84' lang='lat' dir='ltr'>spectare</span> <span class='ocrx_word' id='word_1_134' title='bbox 1414 838 1630 867; x_wconf 80' lang='lat' dir='ltr'>existimandum</span> <span class='ocrx_word' id='word_1_135' title='bbox 1653 845 1717 874; x_wconf 83' lang='lat' dir='ltr'>est,</span> <span class='ocrx_word' id='word_1_136' title='bbox 1738 844 1792 874; x_wconf 91' lang='lat' dir='ltr'>ut,</span> <span class='ocrx_word' id='word_1_137' title='bbox 1813 839 1864 874; x_wconf 88' lang='lat' dir='ltr'>qui</span> 
     </span>
     <span class='ocr_line' id='line_1_14' title="bbox 355 889 1866 927; baseline 0.001 -10"><span class='ocrx_word' id='word_1_138' title='bbox 355 889 411 918; x_wconf 85' lang='lat' dir='ltr'>hoc</span> <span class='ocrx_word' id='word_1_139' title='bbox 442 898 557 918; x_wconf 87' lang='lat' dir='ltr'>munere</span> <span class='ocrx_word' id='word_1_140' title='bbox 578 890 755 926; x_wconf 81' lang='lat' dir='ltr'>fungantur,</span> <span class='ocrx_word' id='word_1_141' title='bbox 786 891 951 920; x_wconf 84' lang='lat' dir='ltr'>universum</span> <span class='ocrx_word' id='word_1_142' title='bbox 977 890 1123 919; x_wconf 86' lang='lat' dir='ltr'>doctrinae</span> <span class='ocrx_word' id='word_1_143' title='bbox 1145 890 1328 920; x_wconf 83' lang='lat' dir='ltr'>Christianae</span> <span class='ocrx_word' id='word_1_144' title='bbox 1353 896 1552 927; x_wconf 77' lang='lat' dir='ltr'>argumentum</span> <span class='ocrx_word' id='word_1_145' title='bbox 1576 890 1641 919; x_wconf 88' lang='lat' dir='ltr'>aliis</span> <span class='ocrx_word' id='word_1_146' title='bbox 1672 890 1803 924; x_wconf 83' lang='lat' dir='ltr'>tradant,</span> <span class='ocrx_word' id='word_1_147' title='bbox 1823 889 1866 918; x_wconf 89' lang='lat' dir='ltr'>id-</span> 
     </span>
     <span class='ocr_line' id='line_1_15' title="bbox 356 940 1863 979; baseline 0.001 -12"><span class='ocrx_word' id='word_1_148' title='bbox 356 948 411 975; x_wconf 85' lang='lat' dir='ltr'>que</span> <span class='ocrx_word' id='word_1_149' title='bbox 438 940 529 968; x_wconf 83' lang='lat' dir='ltr'>dedita</span> <span class='ocrx_word' id='word_1_150' title='bbox 557 948 641 975; x_wconf 79' lang='lat' dir='ltr'>opera</span> <span class='ocrx_word' id='word_1_151' title='bbox 669 948 833 977; x_wconf 79' lang='lat' dir='ltr'>exponant,</span> <span class='ocrx_word' id='word_1_152' title='bbox 862 949 913 970; x_wconf 89' lang='lat' dir='ltr'>nec</span> <span class='ocrx_word' id='word_1_153' title='bbox 941 941 1036 970; x_wconf 90' lang='lat' dir='ltr'>solum</span> <span class='ocrx_word' id='word_1_154' title='bbox 1063 942 1148 970; x_wconf 85' lang='lat' dir='ltr'>rectis</span> <span class='ocrx_word' id='word_1_155' title='bbox 1175 942 1237 979; x_wconf 85' lang='lat' dir='ltr'>ejus</span> <span class='ocrx_word' id='word_1_156' title='bbox 1263 942 1376 970; x_wconf 86' lang='lat' dir='ltr'>notitiis</span> <span class='ocrx_word' id='word_1_157' title='bbox 1402 943 1468 970; x_wconf 85' lang='lat' dir='ltr'>illos</span> <span class='ocrx_word' id='word_1_158' title='bbox 1494 941 1643 976; x_wconf 84' lang='lat' dir='ltr'>imbuant,</span> <span class='ocrx_word' id='word_1_159' title='bbox 1674 941 1722 969; x_wconf 87' lang='lat' dir='ltr'>sed</span> <span class='ocrx_word' id='word_1_160' title='bbox 1745 940 1863 969; x_wconf 86' lang='lat' dir='ltr'>omnino</span> 
     </span>
     <span class='ocr_line' id='line_1_16' title="bbox 353 991 1867 1029; baseline 0 -10"><span class='ocrx_word' id='word_1_161' title='bbox 353 991 474 1020; x_wconf 82' lang='lat' dir='ltr'>doceant</span> <span class='ocrx_word' id='word_1_162' title='bbox 500 999 545 1019; x_wconf 82' lang='lat' dir='ltr'>eas</span> <span class='ocrx_word' id='word_1_163' title='bbox 574 992 607 1019; x_wconf 81' lang='lat' dir='ltr'>ad</span> <span class='ocrx_word' id='word_1_164' title='bbox 633 992 706 1020; x_wconf 86' lang='lat' dir='ltr'>virae</span> <span class='ocrx_word' id='word_1_165' title='bbox 732 1000 813 1020; x_wconf 83' lang='lat' dir='ltr'>usum</span> <span class='ocrx_word' id='word_1_166' title='bbox 841 992 888 1028; x_wconf 87' lang='lat' dir='ltr'>pie</span> <span class='ocrx_word' id='word_1_167' title='bbox 917 998 945 1021; x_wconf 88' lang='lat' dir='ltr'>et</span> <span class='ocrx_word' id='word_1_168' title='bbox 975 998 1074 1021; x_wconf 85' lang='lat' dir='ltr'>sancte</span> <span class='ocrx_word' id='word_1_169' title='bbox 1096 992 1249 1028; x_wconf 83' lang='lat' dir='ltr'>adhibere,</span> <span class='ocrx_word' id='word_1_170' title='bbox 1281 1000 1314 1021; x_wconf 91' lang='lat' dir='ltr'>ut</span> <span class='ocrx_word' id='word_1_171' title='bbox 1347 993 1455 1029; x_wconf 78' lang='lat' dir='ltr'>optima</span> <span class='ocrx_word' id='word_1_172' title='bbox 1483 993 1513 1021; x_wconf 87' lang='lat' dir='ltr'>in</span> <span class='ocrx_word' id='word_1_173' title='bbox 1540 993 1625 1021; x_wconf 88' lang='lat' dir='ltr'>rebus</span> <span class='ocrx_word' id='word_1_174' title='bbox 1651 991 1766 1021; x_wconf 81' lang='lat' dir='ltr'>afflictis</span> <span class='ocrx_word' id='word_1_175' title='bbox 1789 991 1867 1019; x_wconf 87' lang='lat' dir='ltr'>sola-</span> 
     </span>
     <span class='ocr_line' id='line_1_17' title="bbox 355 1041 1864 1081; baseline -0.001 -11"><span class='ocrx_word' id='word_1_176' title='bbox 355 1041 394 1070; x_wconf 86' lang='lat' dir='ltr'>tia</span> <span class='ocrx_word' id='word_1_177' title='bbox 415 1042 595 1078; x_wconf 80' lang='lat' dir='ltr'>percipiant,</span> <span class='ocrx_word' id='word_1_178' title='bbox 624 1050 650 1070; x_wconf 88' lang='lat' dir='ltr'>et</span> <span class='ocrx_word' id='word_1_179' title='bbox 676 1051 864 1079; x_wconf 84' lang='lat' dir='ltr'>quaecunque</span> <span class='ocrx_word' id='word_1_180' title='bbox 883 1043 917 1071; x_wconf 87' lang='lat' dir='ltr'>iis</span> <span class='ocrx_word' id='word_1_181' title='bbox 938 1052 1000 1072; x_wconf 85' lang='lat' dir='ltr'>sors</span> <span class='ocrx_word' id='word_1_182' title='bbox 1020 1043 1174 1081; x_wconf 76' lang='lat' dir='ltr'>obtingat,</span> <span class='ocrx_word' id='word_1_183' title='bbox 1195 1043 1306 1072; x_wconf 84' lang='lat' dir='ltr'>divinae</span> <span class='ocrx_word' id='word_1_184' title='bbox 1330 1043 1489 1080; x_wconf 82' lang='lat' dir='ltr'>Religionis</span> <span class='ocrx_word' id='word_1_185' title='bbox 1513 1043 1672 1080; x_wconf 83' lang='lat' dir='ltr'>praeceptis</span> <span class='ocrx_word' id='word_1_186' title='bbox 1697 1043 1864 1077; x_wconf 84' lang='lat' dir='ltr'>obsequen-</span> 
     </span>
     <span class='ocr_line' id='line_1_18' title="bbox 354 1081 1452 1130; baseline 0.003 -10"><span class='ocrx_word' id='word_1_187' title='bbox 354 1093 392 1120; x_wconf 91' lang='lat' dir='ltr'>do</span> <span class='ocrx_word' id='word_1_188' title='bbox 413 1093 474 1121; x_wconf 87' lang='lat' dir='ltr'>Deo</span> <span class='ocrx_word' id='word_1_189' title='bbox 502 1093 660 1128; x_wconf 83' lang='lat' dir='ltr'>probentur</span> <span class='ocrx_word' id='word_1_190' title='bbox 685 1100 712 1120; x_wconf 86' lang='lat' dir='ltr'>et</span> <span class='ocrx_word' id='word_1_191' title='bbox 736 1081 877 1122; x_wconf 80' lang='lat' dir='ltr'>beatitatis</span> <span class='ocrx_word' id='word_1_192' title='bbox 903 1095 1091 1130; x_wconf 74' lang='lat' dir='ltr'>sempiternae</span> <span class='ocrx_word' id='word_1_193' title='bbox 1113 1094 1266 1130; x_wconf 82' lang='lat' dir='ltr'>participes</span> <span class='ocrx_word' id='word_1_194' title='bbox 1289 1093 1452 1123; x_wconf 81' lang='lat' dir='ltr'>reddantur.</span> 
     </span>
    </p>

    <p class='ocr_par' dir='ltr' id='par_1_6' title="bbox 344 1137 1868 1794">
     <span class='ocr_line' id='line_1_19' title="bbox 390 1137 1865 1180; baseline 0.001 -10"><span class='ocrx_word' id='word_1_195' title='bbox 390 1142 467 1171; x_wconf 85' lang='lat' dir='ltr'>Hine</span> <span class='ocrx_word' id='word_1_196' title='bbox 493 1150 560 1171; x_wconf 88' lang='lat' dir='ltr'>vero</span> <span class='ocrx_word' id='word_1_197' title='bbox 588 1142 760 1180; x_wconf 75' lang='lat' dir='ltr'>intelligitur</span> <span class='ocrx_word' id='word_1_198' title='bbox 792 1145 891 1180; x_wconf 74' lang='lat' dir='ltr'>magna</span> <span class='ocrx_word' id='word_1_199' title='bbox 916 1145 978 1180; x_wconf 86' lang='lat' dir='ltr'>ejus</span> <span class='ocrx_word' id='word_1_200' title='bbox 1005 1144 1131 1173; x_wconf 88' lang='lat' dir='ltr'>muneris</span> <span class='ocrx_word' id='word_1_201' title='bbox 1158 1137 1322 1172; x_wconf 85' lang='lat' dir='ltr'>difficultas.</span> <span class='ocrx_word' id='word_1_202' title='bbox 1370 1143 1447 1173; x_wconf 87' lang='lat' dir='ltr'>Cum</span> <span class='ocrx_word' id='word_1_203' title='bbox 1473 1143 1547 1172; x_wconf 88' lang='lat' dir='ltr'>enim</span> <span class='ocrx_word' id='word_1_204' title='bbox 1571 1142 1730 1180; x_wconf 72' lang='lat' dir='ltr'>‘multiplex</span> <span class='ocrx_word' id='word_1_205' title='bbox 1756 1141 1795 1171; x_wconf 88' lang='lat' dir='ltr'>sit</span> <span class='ocrx_word' id='word_1_206' title='bbox 1819 1142 1865 1171; x_wconf 83' lang='lat' dir='ltr'>in-</span> 
     </span>
     <span class='ocr_line' id='line_1_20' title="bbox 355 1192 1864 1234; baseline 0.002 -13"><span class='ocrx_word' id='word_1_207' title='bbox 355 1199 397 1222; x_wconf 86' lang='lat' dir='ltr'>ter</span> <span class='ocrx_word' id='word_1_208' title='bbox 421 1194 553 1222; x_wconf 88' lang='lat' dir='ltr'>homines</span> <span class='ocrx_word' id='word_1_209' title='bbox 580 1194 685 1230; x_wconf 84' lang='lat' dir='ltr'>ingenii</span> <span class='ocrx_word' id='word_1_210' title='bbox 708 1201 735 1222; x_wconf 88' lang='lat' dir='ltr'>et</span> <span class='ocrx_word' id='word_1_211' title='bbox 759 1195 866 1224; x_wconf 73' lang='lat' dir='ltr'>indolis</span> <span class='ocrx_word' id='word_1_212' title='bbox 886 1195 1037 1225; x_wconf 83' lang='lat' dir='ltr'>diversitas</span> <span class='ocrx_word' id='word_1_213' title='bbox 1061 1203 1089 1226; x_wconf 91' lang='lat' dir='ltr'>et</span> <span class='ocrx_word' id='word_1_214' title='bbox 1114 1206 1215 1234; x_wconf 80' lang='lat' dir='ltr'>magna</span> <span class='ocrx_word' id='word_1_215' title='bbox 1241 1197 1285 1226; x_wconf 85' lang='lat' dir='ltr'>vis</span> <span class='ocrx_word' id='word_1_216' title='bbox 1306 1197 1476 1233; x_wconf 88' lang='lat' dir='ltr'>opinionum</span> <span class='ocrx_word' id='word_1_217' title='bbox 1502 1192 1777 1233; x_wconf 80' lang='lat' dir='ltr'>praejudicatarum,</span> <span class='ocrx_word' id='word_1_218' title='bbox 1800 1195 1864 1232; x_wconf 88' lang='lat' dir='ltr'>qui-</span> 
     </span>
     <span class='ocr_line' id='line_1_21' title="bbox 353 1244 1868 1284; baseline 0.002 -12"><span class='ocrx_word' id='word_1_219' title='bbox 353 1244 410 1273; x_wconf 89' lang='lat' dir='ltr'>bus</span> <span class='ocrx_word' id='word_1_220' title='bbox 435 1252 533 1273; x_wconf 87' lang='lat' dir='ltr'>omnes</span> <span class='ocrx_word' id='word_1_221' title='bbox 555 1244 589 1273; x_wconf 88' lang='lat' dir='ltr'>ab</span> <span class='ocrx_word' id='word_1_222' title='bbox 615 1244 745 1273; x_wconf 79' lang='lat' dir='ltr'>infantili</span> <span class='ocrx_word' id='word_1_223' title='bbox 771 1245 835 1275; x_wconf 85' lang='lat' dir='ltr'>inde</span> <span class='ocrx_word' id='word_1_224' title='bbox 856 1253 944 1275; x_wconf 85' lang='lat' dir='ltr'>aetate</span> <span class='ocrx_word' id='word_1_225' title='bbox 973 1255 1042 1277; x_wconf 89' lang='lat' dir='ltr'>sunt</span> <span class='ocrx_word' id='word_1_226' title='bbox 1067 1249 1192 1284; x_wconf 83' lang='lat' dir='ltr'>imbuti,</span> <span class='ocrx_word' id='word_1_227' title='bbox 1214 1249 1363 1284; x_wconf 88' lang='lat' dir='ltr'>sequitur,</span> <span class='ocrx_word' id='word_1_228' title='bbox 1392 1248 1471 1276; x_wconf 87' lang='lat' dir='ltr'>verbi</span> <span class='ocrx_word' id='word_1_229' title='bbox 1498 1247 1589 1277; x_wconf 88' lang='lat' dir='ltr'>divini</span> <span class='ocrx_word' id='word_1_230' title='bbox 1617 1246 1754 1276; x_wconf 72' lang='lat' dir='ltr'>ministro</span> <span class='ocrx_word' id='word_1_231' title='bbox 1776 1246 1868 1276; x_wconf 80' lang='lat' dir='ltr'>maxi·</span> 
     </span>
     <span class='ocr_line' id='line_1_22' title="bbox 353 1296 1865 1336; baseline 0.002 -13"><span class='ocrx_word' id='word_1_232' title='bbox 353 1302 426 1323; x_wconf 86' lang='lat' dir='ltr'>mam</span> <span class='ocrx_word' id='word_1_233' title='bbox 447 1303 559 1331; x_wconf 82' lang='lat' dir='ltr'>operam</span> <span class='ocrx_word' id='word_1_234' title='bbox 580 1303 642 1324; x_wconf 85' lang='lat' dir='ltr'>esse</span> <span class='ocrx_word' id='word_1_235' title='bbox 665 1296 903 1333; x_wconf 83' lang='lat' dir='ltr'>impendendam,</span> <span class='ocrx_word' id='word_1_236' title='bbox 926 1304 956 1326; x_wconf 89' lang='lat' dir='ltr'>ut</span> <span class='ocrx_word' id='word_1_237' title='bbox 976 1298 1100 1336; x_wconf 82' lang='lat' dir='ltr'>singulis</span> <span class='ocrx_word' id='word_1_238' title='bbox 1121 1299 1173 1328; x_wconf 86' lang='lat' dir='ltr'>alia</span> <span class='ocrx_word' id='word_1_239' title='bbox 1201 1307 1288 1336; x_wconf 85' lang='lat' dir='ltr'>atque</span> <span class='ocrx_word' id='word_1_240' title='bbox 1305 1300 1359 1328; x_wconf 85' lang='lat' dir='ltr'>alia</span> <span class='ocrx_word' id='word_1_241' title='bbox 1381 1299 1493 1328; x_wconf 89' lang='lat' dir='ltr'>ratione</span> <span class='ocrx_word' id='word_1_242' title='bbox 1514 1297 1668 1334; x_wconf 84' lang='lat' dir='ltr'>inserviat,</span> <span class='ocrx_word' id='word_1_243' title='bbox 1692 1303 1721 1326; x_wconf 90' lang='lat' dir='ltr'>et</span> <span class='ocrx_word' id='word_1_244' title='bbox 1741 1298 1775 1327; x_wconf 89' lang='lat' dir='ltr'>ad</span> <span class='ocrx_word' id='word_1_245' title='bbox 1798 1297 1865 1326; x_wconf 89' lang='lat' dir='ltr'>uni-</span> 
     </span>
     <span class='ocr_line' id='line_1_23' title="bbox 354 1346 1865 1386; baseline 0.003 -12"><span class='ocrx_word' id='word_1_246' title='bbox 354 1355 461 1375; x_wconf 87' lang='lat' dir='ltr'>versam</span> <span class='ocrx_word' id='word_1_247' title='bbox 487 1346 616 1375; x_wconf 87' lang='lat' dir='ltr'>omnium</span> <span class='ocrx_word' id='word_1_248' title='bbox 639 1346 851 1377; x_wconf 83' lang='lat' dir='ltr'>institutionem</span> <span class='ocrx_word' id='word_1_249' title='bbox 882 1356 908 1377; x_wconf 90' lang='lat' dir='ltr'>et</span> <span class='ocrx_word' id='word_1_250' title='bbox 930 1359 1026 1379; x_wconf 86' lang='lat' dir='ltr'>curam</span> <span class='ocrx_word' id='word_1_251' title='bbox 1053 1351 1227 1386; x_wconf 81' lang='lat' dir='ltr'>singularem</span> <span class='ocrx_word' id='word_1_252' title='bbox 1258 1351 1389 1379; x_wconf 85' lang='lat' dir='ltr'>adhibeat</span> <span class='ocrx_word' id='word_1_253' title='bbox 1415 1349 1592 1386; x_wconf 84' lang='lat' dir='ltr'>prudentiam</span> <span class='ocrx_word' id='word_1_254' title='bbox 1620 1355 1648 1376; x_wconf 89' lang='lat' dir='ltr'>et</span> <span class='ocrx_word' id='word_1_255' title='bbox 1669 1349 1865 1385; x_wconf 81' lang='lat' dir='ltr'>circumspec-</span> 
     </span>
     <span class='ocr_line' id='line_1_24' title="bbox 352 1393 1861 1442; baseline 0.003 -17"><span class='ocrx_word' id='word_1_256' title='bbox 352 1397 481 1433; x_wconf 80' lang='lat' dir='ltr'>tionem,</span> <span class='ocrx_word' id='word_1_257' title='bbox 511 1399 595 1433; x_wconf 86' lang='lat' dir='ltr'>dein,</span> <span class='ocrx_word' id='word_1_258' title='bbox 624 1406 690 1427; x_wconf 90' lang='lat' dir='ltr'>cum</span> <span class='ocrx_word' id='word_1_259' title='bbox 727 1399 806 1427; x_wconf 89' lang='lat' dir='ltr'>omni</span> <span class='ocrx_word' id='word_1_260' title='bbox 834 1407 904 1428; x_wconf 88' lang='lat' dir='ltr'>aevo</span> <span class='ocrx_word' id='word_1_261' title='bbox 930 1399 1055 1436; x_wconf 87' lang='lat' dir='ltr'>fuerint,</span> <span class='ocrx_word' id='word_1_262' title='bbox 1077 1401 1128 1437; x_wconf 89' lang='lat' dir='ltr'>qui</span> <span class='ocrx_word' id='word_1_263' title='bbox 1160 1399 1284 1430; x_wconf 82' lang='lat' dir='ltr'>divinam</span> <span class='ocrx_word' id='word_1_264' title='bbox 1312 1400 1473 1437; x_wconf 79' lang='lat' dir='ltr'>Religionis</span> <span class='ocrx_word' id='word_1_265' title='bbox 1490 1393 1861 1442; x_wconf 74' lang='lat' dir='ltr'>&#39;Christianaeauctorita-</span> 
     </span>
     <span class='ocr_line' id='line_1_25' title="bbox 344 1442 1859 1487; baseline 0.001 -10"><span class='ocrx_word' id='word_1_266' title='bbox 344 1455 412 1477; x_wconf 67' lang='lat' dir='ltr'>‘tem</span> <span class='ocrx_word' id='word_1_267' title='bbox 440 1449 608 1478; x_wconf 86' lang='lat' dir='ltr'>labefactare</span> <span class='ocrx_word' id='word_1_268' title='bbox 630 1457 802 1480; x_wconf 85' lang='lat' dir='ltr'>conarentur</span> <span class='ocrx_word' id='word_1_269' title='bbox 828 1457 854 1479; x_wconf 86' lang='lat' dir='ltr'>et</span> <span class='ocrx_word' id='word_1_270' title='bbox 877 1452 969 1481; x_wconf 84' lang='lat' dir='ltr'>variae</span> <span class='ocrx_word' id='word_1_271' title='bbox 991 1450 1172 1481; x_wconf 84' lang='lat' dir='ltr'>eruditionis&#39;</span> <span class='ocrx_word' id='word_1_272' title='bbox 1188 1442 1218 1481; x_wconf 81' lang='lat' dir='ltr'>et</span> <span class='ocrx_word' id='word_1_273' title='bbox 1243 1452 1389 1480; x_wconf 89' lang='lat' dir='ltr'>doctrinae</span> <span class='ocrx_word' id='word_1_274' title='bbox 1414 1451 1509 1487; x_wconf 83' lang='lat' dir='ltr'>specie</span> <span class='ocrx_word' id='word_1_275' title='bbox 1535 1458 1588 1478; x_wconf 86' lang='lat' dir='ltr'>sua</span> <span class='ocrx_word' id='word_1_276' title='bbox 1617 1450 1707 1487; x_wconf 87' lang='lat' dir='ltr'>magis</span> <span class='ocrx_word' id='word_1_277' title='bbox 1730 1443 1859 1486; x_wconf 75' lang='lat' dir='ltr'>placita,</span> 
     </span>
     <span class='ocr_line' id='line_1_26' title="bbox 353 1493 1862 1543; baseline 0.005 -18"><span class='ocrx_word' id='word_1_278' title='bbox 353 1507 435 1535; x_wconf 87' lang='lat' dir='ltr'>quam</span> <span class='ocrx_word' id='word_1_279' title='bbox 464 1500 621 1536; x_wconf 85' lang='lat' dir='ltr'>simplicem</span> <span class='ocrx_word' id='word_1_280' title='bbox 649 1501 900 1543; x_wconf 16' lang='lat' dir='ltr'>doctrinamrJesu</span> <span class='ocrx_word' id='word_1_281' title='bbox 927 1503 1066 1533; x_wconf 88' lang='lat' dir='ltr'>instillare</span> <span class='ocrx_word' id='word_1_282' title='bbox 1090 1505 1254 1541; x_wconf 85' lang='lat' dir='ltr'>studerent,</span> <span class='ocrx_word' id='word_1_283' title='bbox 1276 1504 1434 1541; x_wconf 88' lang='lat' dir='ltr'>requiritur</span> <span class='ocrx_word' id='word_1_284' title='bbox 1461 1503 1543 1532; x_wconf 85' lang='lat' dir='ltr'>etiam</span> <span class='ocrx_word' id='word_1_285' title='bbox 1573 1504 1602 1532; x_wconf 83' lang='lat' dir='ltr'>in</span> <span class='ocrx_word' id='word_1_286' title='bbox 1629 1493 1790 1540; x_wconf 82' lang='lat' dir='ltr'>Religionis</span> <span class='ocrx_word' id='word_1_287' title='bbox 1807 1503 1862 1532; x_wconf 90' lang='lat' dir='ltr'>do-</span> 
     </span>
     <span class='ocr_line' id='line_1_27' title="bbox 351 1545 1859 1592; baseline 0.003 -14"><span class='ocrx_word' id='word_1_288' title='bbox 351 1557 450 1586; x_wconf 89' lang='lat' dir='ltr'>ctore,</span> <span class='ocrx_word' id='word_1_289' title='bbox 474 1557 505 1578; x_wconf 84' lang='lat' dir='ltr'>ut</span> <span class='ocrx_word' id='word_1_290' title='bbox 523 1552 676 1581; x_wconf 88' lang='lat' dir='ltr'>multarum</span> <span class='ocrx_word' id='word_1_291' title='bbox 703 1553 902 1589; x_wconf 80' lang='lat' dir='ltr'>variarumque</span> <span class='ocrx_word' id='word_1_292' title='bbox 923 1562 1014 1582; x_wconf 89' lang='lat' dir='ltr'>rerum</span> <span class='ocrx_word' id='word_1_293' title='bbox 1043 1555 1210 1592; x_wconf 78' lang='lat' dir='ltr'>cognitione</span> <span class='ocrx_word' id='word_1_294' title='bbox 1230 1545 1390 1584; x_wconf 78' lang='lat' dir='ltr'>instructus</span> <span class='ocrx_word' id='word_1_295' title='bbox 1413 1554 1472 1591; x_wconf 88' lang='lat' dir='ltr'>sit,</span> <span class='ocrx_word' id='word_1_296' title='bbox 1495 1555 1617 1591; x_wconf 84' lang='lat' dir='ltr'>suisque</span> <span class='ocrx_word' id='word_1_297' title='bbox 1641 1550 1787 1584; x_wconf 75' lang='lat' dir='ltr'>doetrinae</span> <span class='ocrx_word' id='word_1_298' title='bbox 1807 1561 1859 1583; x_wconf 87' lang='lat' dir='ltr'>co·</span> 
     </span>
     <span class='ocr_line' id='line_1_28' title="bbox 350 1601 1859 1643; baseline 0.003 -15"><span class='ocrx_word' id='word_1_299' title='bbox 350 1601 407 1637; x_wconf 90' lang='lat' dir='ltr'>piis</span> <span class='ocrx_word' id='word_1_300' title='bbox 441 1601 613 1636; x_wconf 88' lang='lat' dir='ltr'>quorumvis</span> <span class='ocrx_word' id='word_1_301' title='bbox 645 1604 798 1632; x_wconf 85' lang='lat' dir='ltr'>errantium</span> <span class='ocrx_word' id='word_1_302' title='bbox 831 1605 983 1640; x_wconf 82' lang='lat' dir='ltr'>opiniones</span> <span class='ocrx_word' id='word_1_303' title='bbox 1010 1606 1138 1642; x_wconf 84' lang='lat' dir='ltr'>refellat,</span> <span class='ocrx_word' id='word_1_304' title='bbox 1168 1606 1392 1643; x_wconf 81' lang='lat' dir='ltr'>Religionisque</span> <span class='ocrx_word' id='word_1_305' title='bbox 1420 1606 1560 1635; x_wconf 85' lang='lat' dir='ltr'>divinitus</span> <span class='ocrx_word' id='word_1_306' title='bbox 1588 1605 1746 1642; x_wconf 75' lang='lat' dir='ltr'>patefactae</span> <span class='ocrx_word' id='word_1_307' title='bbox 1771 1605 1859 1634; x_wconf 86' lang='lat' dir='ltr'>decus</span> 
     </span>
     <span class='ocr_line' id='line_1_29' title="bbox 352 1652 1859 1692; baseline 0.002 -13"><span class='ocrx_word' id='word_1_308' title='bbox 352 1658 380 1679; x_wconf 79' lang='lat' dir='ltr'>ct</span> <span class='ocrx_word' id='word_1_309' title='bbox 404 1652 594 1681; x_wconf 69' lang='lat' dir='ltr'>sinceritatem</span> <span class='ocrx_word' id='word_1_310' title='bbox 620 1653 769 1689; x_wconf 87' lang='lat' dir='ltr'>vindicet,</span> <span class='ocrx_word' id='word_1_311' title='bbox 800 1656 941 1691; x_wconf 78' lang='lat' dir='ltr'>denique,</span> <span class='ocrx_word' id='word_1_312' title='bbox 972 1657 1051 1692; x_wconf 88' lang='lat' dir='ltr'>quod</span> <span class='ocrx_word' id='word_1_313' title='bbox 1075 1658 1138 1686; x_wconf 85' lang='lat' dir='ltr'>aliis</span> <span class='ocrx_word' id='word_1_314' title='bbox 1164 1657 1331 1686; x_wconf 82' lang='lat' dir='ltr'>hominibus</span> <span class='ocrx_word' id='word_1_315' title='bbox 1359 1657 1480 1685; x_wconf 83' lang='lat' dir='ltr'>subinde</span> <span class='ocrx_word' id='word_1_316' title='bbox 1503 1655 1622 1685; x_wconf 87' lang='lat' dir='ltr'>concedi</span> <span class='ocrx_word' id='word_1_317' title='bbox 1649 1657 1720 1684; x_wconf 85' lang='lat' dir='ltr'>solet</span> <span class='ocrx_word' id='word_1_318' title='bbox 1745 1655 1859 1691; x_wconf 85' lang='lat' dir='ltr'>otium,</span> 
     </span>
     <span class='ocr_line' id='line_1_30' title="bbox 353 1701 1862 1744; baseline 0.003 -14"><span class='ocrx_word' id='word_1_319' title='bbox 353 1702 411 1737; x_wconf 90' lang='lat' dir='ltr'>iis,</span> <span class='ocrx_word' id='word_1_320' title='bbox 433 1703 482 1738; x_wconf 90' lang='lat' dir='ltr'>qui</span> <span class='ocrx_word' id='word_1_321' title='bbox 509 1711 565 1731; x_wconf 85' lang='lat' dir='ltr'>rem</span> <span class='ocrx_word' id='word_1_322' title='bbox 594 1711 694 1739; x_wconf 80' lang='lat' dir='ltr'>suam,</span> <span class='ocrx_word' id='word_1_323' title='bbox 717 1711 747 1733; x_wconf 89' lang='lat' dir='ltr'>ut</span> <span class='ocrx_word' id='word_1_324' title='bbox 774 1711 908 1741; x_wconf 77' lang='lat' dir='ltr'>oportet,</span> <span class='ocrx_word' id='word_1_325' title='bbox 929 1712 1052 1741; x_wconf 84' lang='lat' dir='ltr'>curant,</span> <span class='ocrx_word' id='word_1_326' title='bbox 1076 1707 1166 1735; x_wconf 86' lang='lat' dir='ltr'>rarius</span> <span class='ocrx_word' id='word_1_327' title='bbox 1192 1701 1338 1744; x_wconf 77' lang='lat' dir='ltr'>obtingit,</span> <span class='ocrx_word' id='word_1_328' title='bbox 1362 1717 1425 1736; x_wconf 63' lang='lat' dir='ltr'>cum</span> <span class='ocrx_word' id='word_1_329' title='bbox 1452 1712 1495 1736; x_wconf 92' lang='lat' dir='ltr'>tot</span> <span class='ocrx_word' id='word_1_330' title='bbox 1519 1707 1592 1743; x_wconf 84' lang='lat' dir='ltr'>ipsis</span> <span class='ocrx_word' id='word_1_331' title='bbox 1613 1705 1756 1735; x_wconf 88' lang='lat' dir='ltr'>continuo</span> <span class='ocrx_word' id='word_1_332' title='bbox 1779 1713 1862 1742; x_wconf 86' lang='lat' dir='ltr'>agen-</span> 
     </span>
     <span class='ocr_line' id='line_1_31' title="bbox 349 1752 1754 1794; baseline 0.003 -14"><span class='ocrx_word' id='word_1_333' title='bbox 349 1752 383 1780; x_wconf 89' lang='lat' dir='ltr'>da</span> <span class='ocrx_word' id='word_1_334' title='bbox 409 1759 498 1789; x_wconf 87' lang='lat' dir='ltr'>sunt,</span> <span class='ocrx_word' id='word_1_335' title='bbox 522 1761 553 1783; x_wconf 91' lang='lat' dir='ltr'>ut</span> <span class='ocrx_word' id='word_1_336' title='bbox 581 1755 655 1784; x_wconf 89' lang='lat' dir='ltr'>sacri</span> <span class='ocrx_word' id='word_1_337' title='bbox 683 1757 806 1784; x_wconf 88' lang='lat' dir='ltr'>muneris</span> <span class='ocrx_word' id='word_1_338' title='bbox 834 1756 935 1785; x_wconf 84' lang='lat' dir='ltr'>officiis</span> <span class='ocrx_word' id='word_1_339' title='bbox 963 1756 1162 1793; x_wconf 70' lang='lat' dir='ltr'>satisfaciant,</span> <span class='ocrx_word' id='word_1_340' title='bbox 1185 1766 1308 1794; x_wconf 89' lang='lat' dir='ltr'>quorum</span> <span class='ocrx_word' id='word_1_341' title='bbox 1336 1759 1433 1786; x_wconf 77' lang='lat' dir='ltr'>nullus</span> <span class='ocrx_word' id='word_1_342' title='bbox 1456 1765 1583 1794; x_wconf 85' lang='lat' dir='ltr'>unquam</span> <span class='ocrx_word' id='word_1_343' title='bbox 1608 1757 1646 1785; x_wconf 89' lang='lat' dir='ltr'>sit</span> <span class='ocrx_word' id='word_1_344' title='bbox 1674 1755 1754 1785; x_wconf 88' lang='lat' dir='ltr'>finis.</span> 
     </span>
    </p>

    <p class='ocr_par' dir='ltr' id='par_1_7' title="bbox 348 1802 1863 2050">
     <span class='ocr_line' id='line_1_32' title="bbox 386 1802 1859 1844; baseline 0.003 -13"><span class='ocrx_word' id='word_1_345' title='bbox 386 1802 496 1832; x_wconf 88' lang='lat' dir='ltr'>Omnes</span> <span class='ocrx_word' id='word_1_346' title='bbox 521 1813 614 1833; x_wconf 82' lang='lat' dir='ltr'>autem</span> <span class='ocrx_word' id='word_1_347' title='bbox 639 1806 690 1835; x_wconf 90' lang='lat' dir='ltr'>hae</span> <span class='ocrx_word' id='word_1_348' title='bbox 720 1807 922 1842; x_wconf 82' lang='lat' dir='ltr'>difficultates,</span> <span class='ocrx_word' id='word_1_349' title='bbox 947 1814 978 1836; x_wconf 88' lang='lat' dir='ltr'>ut</span> <span class='ocrx_word' id='word_1_350' title='bbox 1010 1815 1221 1844; x_wconf 81' lang='lat' dir='ltr'>quantumpote</span> <span class='ocrx_word' id='word_1_351' title='bbox 1247 1815 1438 1844; x_wconf 83' lang='lat' dir='ltr'>superentur,</span> <span class='ocrx_word' id='word_1_352' title='bbox 1459 1815 1544 1844; x_wconf 84' lang='lat' dir='ltr'>atque</span> <span class='ocrx_word' id='word_1_353' title='bbox 1568 1817 1618 1844; x_wconf 86' lang='lat' dir='ltr'>ea,</span> <span class='ocrx_word' id='word_1_354' title='bbox 1641 1816 1697 1844; x_wconf 89' lang='lat' dir='ltr'>qua</span> <span class='ocrx_word' id='word_1_355' title='bbox 1723 1815 1774 1844; x_wconf 83' lang='lat' dir='ltr'>par</span> <span class='ocrx_word' id='word_1_356' title='bbox 1799 1812 1859 1842; x_wconf 77' lang='lat' dir='ltr'>est,</span> 
     </span>
     <span class='ocr_line' id='line_1_33' title="bbox 350 1854 1863 1896; baseline 0.002 -14"><span class='ocrx_word' id='word_1_357' title='bbox 350 1854 489 1889; x_wconf 82' lang='lat' dir='ltr'>dignitate</span> <span class='ocrx_word' id='word_1_358' title='bbox 515 1855 543 1884; x_wconf 89' lang='lat' dir='ltr'>in</span> <span class='ocrx_word' id='word_1_359' title='bbox 567 1864 682 1885; x_wconf 80' lang='lat' dir='ltr'>munere</span> <span class='ocrx_word' id='word_1_360' title='bbox 708 1865 836 1886; x_wconf 80' lang='lat' dir='ltr'>versetur</span> <span class='ocrx_word' id='word_1_361' title='bbox 861 1858 989 1887; x_wconf 85' lang='lat' dir='ltr'>minister</span> <span class='ocrx_word' id='word_1_362' title='bbox 1021 1859 1268 1895; x_wconf 80' lang='lat' dir='ltr'>Ecclesiasticus,</span> <span class='ocrx_word' id='word_1_363' title='bbox 1298 1866 1325 1888; x_wconf 85' lang='lat' dir='ltr'>et</span> <span class='ocrx_word' id='word_1_364' title='bbox 1351 1861 1518 1896; x_wconf 85' lang='lat' dir='ltr'>prudentem</span> <span class='ocrx_word' id='word_1_365' title='bbox 1542 1860 1661 1888; x_wconf 79' lang='lat' dir='ltr'>rationis</span> <span class='ocrx_word' id='word_1_366' title='bbox 1689 1865 1774 1887; x_wconf 85' lang='lat' dir='ltr'>usum</span> <span class='ocrx_word' id='word_1_367' title='bbox 1799 1864 1863 1893; x_wconf 87' lang='lat' dir='ltr'>per·</span> 
     </span>
     <span class='ocr_line' id='line_1_34' title="bbox 350 1906 1862 1947; baseline 0.005 -16"><span class='ocrx_word' id='word_1_368' title='bbox 350 1911 438 1938; x_wconf 81' lang='lat' dir='ltr'>petuo</span> <span class='ocrx_word' id='word_1_369' title='bbox 466 1906 619 1942; x_wconf 62' lang='lat' dir='ltr'>adhibeat,</span> <span class='ocrx_word' id='word_1_370' title='bbox 642 1914 669 1936; x_wconf 89' lang='lat' dir='ltr'>et</span> <span class='ocrx_word' id='word_1_371' title='bbox 691 1908 834 1944; x_wconf 88' lang='lat' dir='ltr'>imprimis</span> <span class='ocrx_word' id='word_1_372' title='bbox 859 1910 1012 1945; x_wconf 78' lang='lat' dir='ltr'>diligenter</span> <span class='ocrx_word' id='word_1_373' title='bbox 1039 1911 1173 1939; x_wconf 86' lang='lat' dir='ltr'>consulat</span> <span class='ocrx_word' id='word_1_374' title='bbox 1200 1918 1367 1947; x_wconf 84' lang='lat' dir='ltr'>praecepta,</span> <span class='ocrx_word' id='word_1_375' title='bbox 1407 1920 1478 1947; x_wconf 84' lang='lat' dir='ltr'>quae</span> <span class='ocrx_word' id='word_1_376' title='bbox 1503 1913 1531 1940; x_wconf 86' lang='lat' dir='ltr'>in</span> <span class='ocrx_word' id='word_1_377' title='bbox 1557 1912 1645 1940; x_wconf 83' lang='lat' dir='ltr'>sacris</span> <span class='ocrx_word' id='word_1_378' title='bbox 1672 1911 1752 1939; x_wconf 86' lang='lat' dir='ltr'>libris</span> <span class='ocrx_word' id='word_1_379' title='bbox 1776 1909 1862 1938; x_wconf 82' lang='lat' dir='ltr'>obvia</span> 
     </span>
     <span class='ocr_line' id='line_1_35' title="bbox 348 1956 1862 1997; baseline 0.004 -16"><span class='ocrx_word' id='word_1_380' title='bbox 348 1959 428 1983; x_wconf 76' lang='lat' dir='ltr'>aunt.</span> <span class='ocrx_word' id='word_1_381' title='bbox 485 1956 559 1986; x_wconf 80' lang='lat' dir='ltr'>Sunt</span> <span class='ocrx_word' id='word_1_382' title='bbox 584 1964 676 1987; x_wconf 80' lang='lat' dir='ltr'>autem</span> <span class='ocrx_word' id='word_1_383' title='bbox 700 1967 753 1994; x_wconf 79' lang='lat' dir='ltr'>ea,</span> <span class='ocrx_word' id='word_1_384' title='bbox 781 1959 835 1988; x_wconf 74' lang='lat' dir='ltr'>etsi</span> <span class='ocrx_word' id='word_1_385' title='bbox 861 1968 919 1989; x_wconf 88' lang='lat' dir='ltr'>non</span> <span class='ocrx_word' id='word_1_386' title='bbox 946 1961 984 1989; x_wconf 87' lang='lat' dir='ltr'>ita</span> <span class='ocrx_word' id='word_1_387' title='bbox 1006 1962 1116 1995; x_wconf 79' lang='lat' dir='ltr'>multa,</span> <span class='ocrx_word' id='word_1_388' title='bbox 1149 1968 1242 1990; x_wconf 79' lang='lat' dir='ltr'>tamen</span> <span class='ocrx_word' id='word_1_389' title='bbox 1275 1970 1358 1997; x_wconf 84' lang='lat' dir='ltr'>quam</span> <span class='ocrx_word' id='word_1_390' title='bbox 1385 1962 1499 1990; x_wconf 82' lang='lat' dir='ltr'>maximi</span> <span class='ocrx_word' id='word_1_391' title='bbox 1528 1961 1685 1997; x_wconf 74' lang='lat' dir='ltr'>momenti,</span> <span class='ocrx_word' id='word_1_392' title='bbox 1713 1967 1742 1989; x_wconf 85' lang='lat' dir='ltr'>et</span> <span class='ocrx_word' id='word_1_393' title='bbox 1769 1960 1862 1988; x_wconf 83' lang='lat' dir='ltr'>neuti-</span> 
     </span>
     <span class='ocr_line' id='line_1_36' title="bbox 350 2007 1862 2050; baseline 0.005 -17"><span class='ocrx_word' id='word_1_394' title='bbox 350 2012 435 2040; x_wconf 86' lang='lat' dir='ltr'>quam</span> <span class='ocrx_word' id='word_1_395' title='bbox 464 2007 651 2045; x_wconf 73' lang='lat' dir='ltr'>negligenda,</span> <span class='ocrx_word' id='word_1_396' title='bbox 682 2009 824 2046; x_wconf 86' lang='lat' dir='ltr'>imprimis</span> <span class='ocrx_word' id='word_1_397' title='bbox 851 2011 1043 2048; x_wconf 79' lang='lat' dir='ltr'>dignissimus</span> <span class='ocrx_word' id='word_1_398' title='bbox 1070 2018 1132 2048; x_wconf 85' lang='lat' dir='ltr'>est,</span> <span class='ocrx_word' id='word_1_399' title='bbox 1155 2013 1206 2048; x_wconf 85' lang='lat' dir='ltr'>qui</span> <span class='ocrx_word' id='word_1_400' title='bbox 1236 2014 1430 2050; x_wconf 78' lang='lat' dir='ltr'>expendatur,</span> <span class='ocrx_word' id='word_1_401' title='bbox 1452 2013 1562 2042; x_wconf 77' lang='lat' dir='ltr'>celeber</span> <span class='ocrx_word' id='word_1_402' title='bbox 1590 2013 1637 2042; x_wconf 83' lang='lat' dir='ltr'>ille</span> <span class='ocrx_word' id='word_1_403' title='bbox 1664 2013 1746 2041; x_wconf 73' lang='lat' dir='ltr'>locus</span> <span class='ocrx_word' id='word_1_404' title='bbox 1770 2010 1862 2040; x_wconf 77' lang='lat' dir='ltr'>Petri-</span> 
     </span>
    </p>

    <p class='ocr_par' dir='ltr' id='par_1_8' title="bbox 1787 2069 1860 2098">
     <span class='ocr_line' id='line_1_37' title="bbox 1787 2069 1860 2098; baseline -0.027 -7"><span class='ocrx_word' id='word_1_405' title='bbox 1787 2069 1860 2098; x_wconf 81' lang='lat' dir='ltr'>nus,</span> 
     </span>
    </p>
   </div>
  </div>
 </body>
</html>
