1946 2517
364 147 401 169 m
593 126 599 127 ’
767 132 1111 167 GULtaLmr
1169 130 1477 163 DELPRAT

364 219 475 249 tudinis
503 224 547 249 est
571 218 690 249 eundem
716 224 888 248 metuentem
914 217 1028 255 erigere.
1069 215 1120 245 Sic
1148 215 1332 252 temperantia
1358 222 1418 244 non
1444 213 1509 251 ipsa
1537 219 1656 250 propter
1684 221 1715 244 se
1739 220 1876 252 expeten-

363 271 398 299 da
422 271 517 309 (ι),
546 271 597 299 sed
623 270 691 306 quia
717 270 893 305 voluptatem
920 267 1014 304 parit,
1043 267 1100 295 hoc
1131 271 1174 295 est
1198 266 1300 295 animis
1326 274 1422 302 pacem
1455 265 1553 301 affert,
1582 272 1610 293 et
1627 274 1676 295 eos
1700 267 1781 302 quasi
1803 275 1874 297 con-

366 322 464 351 cordia
492 322 614 358 quadam
645 321 739 356 placat
765 327 797 347 ac
824 319 909 348 lenit.
949 319 1011 348 Nec
1037 317 1110 347 enim
1137 317 1207 346 satis
1234 324 1277 346 est
1307 318 1436 354 judicare
1461 316 1532 353 quid
1562 316 1722 346 faciendum
1746 326 1805 347 non
1832 317 1878 347 fa·

366 374 542 403 ciendumve‘
561 372 618 407 sit,
653 371 702 399 sed
726 377 801 400 stare
830 371 913 400 etiam
940 376 1056 407 oportet
1079 370 1109 399 iu
1139 377 1172 398 eo
1191 389 1201 404 ,
1230 369 1310 405 quod
1333 369 1372 397 sit
1400 367 1572 405 judicatum.
1619 367 1679 406 Qui
1709 375 1803 398 autem
1837 368 1879 399 ita

366 423 425 453 frui
446 424 549 452 volunt
577 422 797 457 voluptatibus,
826 429 859 451 ut
883 422 957 451 nulli
979 428 1099 459 propter
1123 429 1168 450 eas
1191 421 1304 449 dolores
1330 426 1566 455 consequantur,
1595 428 1622 448 et
1646 419 1697 455 qui
1720 428 1807 449 suum
1829 421 1877 458 ju·

369 475 476 503 dicium
509 473 651 508 retinent,
674 480 709 501 ne
736 473 884 508 voluptate
908 472 978 502 victi
1003 472 1110 501 faciant
1133 471 1181 506 id,
1209 471 1289 507 quod
1318 470 1446 500 sentiunt
1470 479 1528 500 non
1553 478 1615 499 esse
1641 470 1824 506 faciendum,
1847 472 1878 500 hi

366 524 544 560 voluptatem
586 523 736 554 maximam
773 523 974 559 adipiscuntur
991 544 1001 559 ,
1029 523 1276 560 praetermittenda
1302 523 1464 558 voluptate.
1516 521 1604 550 Iidem
1631 522 1714 551 etiam
1746 523 1874 553 dolorem

365 581 450 609 saepe
475 573 694 609 perpetiuntur,
715 582 773 609 ne,
803 573 832 601 id
855 574 957 602 sinon
985 573 1110 609 saciant,
1132 573 1259 602 incidant
1288 573 1316 601 in
1345 573 1491 610 majorem.
1530 572 1575 602 Ex
1603 581 1664 609 quo
1689 572 1877 610 intelligitur,

367 633 419 654 nec
447 624 692 661 intemperantiam
719 630 839 661 propter
867 632 898 652 se
921 622 1085 661 fugiendam
1107 633 1186 654 esse:
1210 625 1482 661 temperantiamque
1506 626 1712 662 expetendam,
1733 633 1792 655 non
1811 626 1879 663 quia

365 678 530 712 voluptates
556 675 670 713 fugiat,
691 676 740 704 scd
764 676 830 711 quia
857 676 976 713 maiores
1006 683 1199 712 consequatur
1219 676 1300 713 (2).

407 726 573 757 fortitudo.
614 727 688 756 Esse
711 733 805 755 autem
827 733 853 755 et
878 726 951 756 hanc
970 726 1103 756 virtutem
1134 733 1326 764 comparatam
1349 728 1383 756 ad
1405 728 1604 764 voluptatem,
1627 734 1769 764 quatenus
1789 736 1881 766 expo·

364 777 419 807 sita
441 785 509 813 est,
538 778 582 807 vel
604 786 637 807 ex
664 786 697 807 eo
725 778 914 814 intelligitur,
943 779 1022 814 quod
1043 786 1136 814 neque
1161 778 1290 807 laborum
1320 778 1506 815 perfunctio,
1536 788 1630 816 neque
1657 779 1805 816 perpessio
1828 781 1883 810 do-

363 829 459 859 lorum
476 837 527 865 per
543 837 573 858 se
592 829 654 866 ipsa
673 830 786 866 allicit,
808 838 860 859 nec
879 830 1036 866 patientia,
1060 837 1111 858 nec
1130 830 1335 865 assiduitates,
1361 838 1413 859 nec
1433 830 1568 867 vigiliae,
1589 839 1642 859 nec
1657 839 1688 859 ea
1701 830 1784 867 ipsa,
1810 839 1883 868 quae

365 879 498 909 laudatur
516 880 656 909 industria
672 901 684 916 ,
708 889 744 909 ne
767 880 910 910 fortitudo
934 878 1074 918 quidem,
1098 884 1148 912 sed
1172 883 1227 913 ista
1247 884 1415 919 sequimur,
1444 889 1476 912 ut
1503 884 1564 913 sine
1591 892 1658 913 cura
1683 890 1820 921 metuque
1839 885 1884 915 vi·

367 937 488 965 vamuS,
513 930 698 966 animumque
718 938 745 960 et
766 939 872 968 corpus
895 939 1033 969 quantum
1058 934 1164 963 efficere
1187 935 1358 971 possimus,
1381 935 1510 964 molestia
1535 935 1700 964 liberemus.
1743 935 1784 965 Ut
1806 936 1885 966 enim

370 982 474 1010 mortis
499 988 577 1010 metu
606 982 700 1011 omnis
723 983 835 1018 quietae
863 984 938 1013 vitae
962 990 1059 1014 status·
1079 986 1284 1022 perturbatur,
1312 992 1340 1015 et
1367 994 1398 1014 ut
1422 986 1610 1015 succumbere
1636 986 1788 1016 doloribus
1818 995 1884 1016 eos*-

368 1040 428 1068 que
452 1033 556 1061 humili
583 1034 679 1063 animo
699 1034 904 1071 imbecilloque
923 1035 996 1066 ferre
1022 1037 1157 1066 miserum
1179 1043 1244 1072 est,
1264 1037 1302 1066 ob
1327 1044 1445 1072 eamq-ue
1465 1037 1640 1065 debilitatem
1665 1037 1774 1073 animi,
1799 1039 1883 1069 multi

367 1089 501 1120 parentes
515 1103 526 1119 ,
548 1084 632 1112 multi
659 1085 790 1121 amicoS,
811 1087 944 1115 nonnulli
968 1088 1106 1124 patriam,
1128 1087 1258 1124 plerique
1282 1094 1375 1116 autem
1394 1095 1425 1116 se
1446 1087 1527 1123 ipsos
1544 1088 1660 1124 penitus
1682 1088 1890 1123 perdideruutt

370 1135 414 1164 sic
444 1136 584 1167 robustus
606 1138 718 1167 animus
743 1146 772 1168 et
798 1140 928 1169 excelsus
951 1141 1029 1169 omni
1052 1147 1096 1170 est
1119 1140 1190 1169 liber
1218 1146 1287 1168 cura
1316 1144 1344 1167 et
1367 1146 1492 1175 angore,
1523 1145 1588 1167 cum
1614 1144 1642 1168 et
1668 1146 1788 1169 mortem
1814 1147 1885 1169 con-

370 1187 493 1224 temnit,
515 1196 571 1224 qua
596 1190 648 1225 qui
670 1189 766 1218 affecti
789 1196 880 1226 sunt,
899 1191 930 1220 in
951 1192 1046 1221 eadem
1068 1200 1153 1222 causa
1179 1197 1268 1227 sunt,
1290 1198 1344 1227 qua
1366 1196 1518 1226 antequam
1545 1191 1627 1226 nati,
1658 1197 1685 1220 et
1707 1192 1742 1221 ad
1768 1192 1891 1222 dolores?

365 1238 404 1267 ita
429 1246 548 1275 paratus
573 1247 636 1277 est,
664 1247 696 1270 ut
725 1242 883 1271 meminerit
914 1243 1053 1272 maximos
1084 1249 1175 1273 morte
1199 1243 1275 1272 finiri
1293 1264 1303 1278 ,
1336 1250 1441 1279 parvos
1475 1242 1563 1271 multa
1600 1241 1703 1272 habere
1733 1243 1886 1274 intervalla-

370 1290 531 1327 requietis,
560 1291 747 1322 mediocrium
775 1301 830 1322 nos
852 1301 914 1323 esse
937 1295 1091 1324 dominos:
1115 1301 1147 1324 ut
1171 1295 1197 1324 si
1219 1292 1383 1323 tolerabiles
1407 1294 1488 1329 sint,
1517 1292 1662 1329 fcramus3
1694 1293 1740 1323 sin
1765 1294 1889 1331 minus,

367 1347 459 1375 aequo
486 1342 581 1370 animo
606 1350 621 1370 e
646 1343 726 1380 vita,
756 1352 823 1373 cum
849 1352 879 1372 ea
901 1353 959 1373 non
993 1346 1121 1381 placeat,
1150 1351 1294 1381 tamquam
1324 1353 1338 1373 e
1361 1343 1475 1372 theatro
1492 1362 1506 1378 ‚
1534 1351 1665 1372 exeamus
1689 1345 1767 1382 (3).
1807 1345 1887 1383 Qui·

373 1391 428 1418 bus
452 1390 537 1421 rebus
563 1393 759 1431 intelligitur,
786 1403 838 1424 nec
863 1395 1044 1425 timiditatem
1072 1397 1252 1433 ignaviamve
1273 1395 1450 1430 vituperari,
1476 1403 1528 1423 nec
1554 1394 1753 1425 fortitudinem
1773 1398 1888 1434 patieu-

370 1440 498 1477 tiamque
522 1443 631 1473 laudari
654 1452 709 1474 suo
733 1445 870 1482 nomine,
897 1447 949 1475 scd
972 1446 1036 1476 illas
1061 1446 1164 1484 rejici,
1187 1447 1255 1483 quia
1287 1446 1416 1476 dolorem
1444 1446 1579 1482 pariant,
1605 1447 1656 1475 has
1679 1448 1790 1484 optari,
1814 1449 1889 1486 quia«

367 1492 544 1528 voluptatem
574 1494 654 1532 (4).

408 1543 451 1571 At
476 1552 508 1572 ex
531 1544 618 1574 variis
643 1545 728 1575 malis
753 1553 826 1582 quae
851 1546 908 1583 ipsi
934 1548 1020 1577 nobis
1043 1548 1200 1587 fingimus,
1228 1557 1320 1586 neque
1340 1557 1369 1578 re
1392 1549 1455 1586 ipsa
1487 1549 1585 1581 futura
1609 1557 1696 1588 sunt,
1727 1553 1885 1590 praecipua-

370 1600 439 1623 sunt
462 1602 533 1630 quae
555 1596 600 1625 vel
630 1605 646 1625 a
669 1597 736 1625 Diis
766 1597 939 1634 metuimus,
968 1600 1014 1629 vel
1039 1608 1054 1629 a
1077 1608 1182 1629 morte.
1225 1601 1271 1630 Ex
1297 1601 1334 1630 iis
1359 1608 1452 1629 autem
1484 1609 1555 1637 quae
1578 1609 1606 1630 et
1640 1603 1682 1631 sic
1704 1603 1890 1642 metuimus,

370 1651 404 1673 ut
428 1646 557 1675 advenire
579 1647 709 1684 valeant,
729 1654 758 1677 et
778 1648 820 1677 sic
846 1648 989 1678 interdum
1018 1651 1178 1687 praesentia
1203 1657 1271 1680 sunt
1299 1659 1330 1679 ut
1355 1659 1409 1680 nos
1441 1652 1571 1681 molestia
1597 1653 1738 1689 affimant,
1759 1663 1790 1684 ea
1811 1661 1886 1685 sunt

373 1703 445 1731 quae
467 1704 516 1725 aut
539 1698 665 1727 dolorem
689 1699 806 1735 corpori
831 1699 981 1737 inferunt,
1004 1708 1052 1731 aut
1080 1703 1283 1740 aegritudinem
1308 1703 1338 1732 in
1364 1702 1489 1731 animum
1516 1703 1655 1732 inducunt
1680 1704 1754 1741 (5).

415 1747 460 1776 De
483 1748 655 1778 fortitudine
683 1751 759 1779 circa
782 1758 885 1780 metum
907 1752 1046 1782 Numinis
1075 1753 1144 1783 haec
1172 1754 1292 1784 tenenda
1319 1759 1404 1783 sunt:
1428 1753 1478 1782 Dii
1503 1762 1596 1783 revera
1624 1748 1715 1791 sunt,
1734 1756 1786 1786 sed
1809 1764 1879 1793 qun-

374 1798 416 1826 lcs
441 1800 531 1836 vulgo
554 1800 684 1830 hommes
713 1801 898 1839 existimant,
919 1804 1037 1833 minime
1057 1813 1125 1835 sunt
1152 1806 1229 1844 (6).

1797 1857 1893 1915 Quot}-

407 1924 440 1955 ξι
456 1924 468 1958 )
489 1926 566 1959 Diog.
584 1928 668 1956 Laert.
686 1930 719 1956 X.
736 1936 798 1962 130..
861 1929 925 1964 (2)
944 1932 1002 1959 Cic.
1022 1932 1078 1960 Fin,
1096 1934 1118 1960 1.
1135 1941 1174 1966 ¹4·
1245 1934 1309 1968 (3)
1329 1934 1388 1960 Cic.
1406 1933 1462 1960 Fir..
1483 1934 1504 1960 l.
1520 1941 1557 1967 ¹5·
1574 1940 1599 1960 et
1614 1934 1691 1967 Epic.
1708 1935 1726 1961 l.
1739 1935 1758 1963 l.
1777 1935 1803 1969 S,
1824 1942 1885 1970 125.

406 1970 417 1999 ζ
433 1979 448 2002 4
463 1970 473 1991 ἰ
492 1972 552 1998 Cic.
571 1973 638 2001 lbid.
746 1974 808 2009 (5)
828 1977 951 2004 Gasseud.
975 1979 1011 2005 Π.
1032 1987 1058 2012 p.
1072 1981 1132 2013 446.
1152 1981 1203 2006 coh
1222 1988 1248 2007 ι.
1348 1979 1413 2013 (0)
1433 1981 1548 2012 Epicael.
1567 1982 1584 2009 ¹·
1609 1981 1634 2014 §-
1652 1987 1715 2013 123·
