1946 2517
370 180 404 211 18
650 200 653 203 .
754 174 794 205 H.
873 174 905 204 P.
983 181 1051 203 nn
1127 169 1535 201 KA'NTERJ

372 260 493 290 concedi
514 259 626 296 quidem
646 258 750 294 debet,
770 256 849 294 apud
864 255 991 284 Graecos
1010 254 1166 290 scriptores
1185 254 1241 283 hoc
1261 262 1348 283 sensu
1365 261 1572 290 nonnunquam
1589 254 1764 293 ¹vocabulum
1793 261 1876 284 usuro

366 313 427 351 pari
442 321 451 348 ;
475 318 597 340 attamen
615 311 643 340 in
659 310 699 340 N.
712 310 744 338 F.
760 307 875 344 scriptis
895 307 972 335 nulla
990 306 1076 342 hujus
1092 314 1163 334 usus
1182 305 1304 342 vestigia
1326 305 1442 334 adsunt·
1482 306 1569 334 Nulla
1586 313 1655 334 vero
1673 306 1773 335 idonea
1790 306 1878 334 ratio,

367 372 403 394 ne
429 363 518 392 statui
546 368 665 398 potest,
687 367 820 389 coetuum
848 357 1081 386 Christianorum
1104 357 1161 393 jam
1183 357 1395 392 Apostolorum
1422 363 1514 386 aetate
1538 356 1605 385 tales
1631 357 1762 392 proprias
1785 355 1878 385 fuisse

369 415 572 451 possessiones
593 411 692 450 (conf.
716 408 832 445 Wolfius
853 409 880 437 in
904 409 988 437 Cutis
1004 408 1082 437 Phil.
1105 414 1131 435 c:
1154 408 1231 436 Crit.
1253 407 1296 436 ad
1311 408 1343 436 h.
1365 407 1408 444 l.)
1431 414 1458 435 et
1481 407 1506 435 si
1527 408 1571 436 vel
1590 407 1756 441 habuisset,
1779 406 1808 435 in
1823 408 1880 436 hoc

369 465 484 501 quidem
506 465 572 492 loco
602 463 636 491 ad
661 471 706 490 eas
731 461 837 496 respici
863 468 921 488 non
947 459 1055 495 potuit.
1097 459 1198 487 Petrus
1221 459 1294 487 enim
1317 460 1374 496 jam
1397 458 1426 487 in
1453 458 1596 495 superiori
1620 464 1760 487 commate
1783 457 1879 487 horta»

369 521 415 543 tus
436 520 493 543 erat
525 513 735 549 Presbyteros‚
765 518 798 540 ut
824 511 853 540 in
888 509 1013 539 muneris
1041 509 1177 538 exercitio
1205 517 1220 537 a
1244 516 1380 544 quaestus
1409 516 1436 537 et
1470 508 1543 537 lucri
1568 508 1726 544 cupiditate
1754 507 1882 536 abstine-

368 572 452 600 rent,
480 571 506 593 et
529 564 710 593 vehementer
731 562 852 598 dubito,
873 570 940 591 num
966 562 1000 591 de
1020 559 1205 589 facultatibus
1230 566 1258 588 et
1286 559 1391 596 opibus
1414 560 1483 588 satis
1505 560 1655 588 commode
1680 557 1805 588 adhiberi
1825 567 1879 594 po-

366 617 455 645 tuerit
483 616 602 644 verbum
631 615 855 651 xoerxuuptsu'sw:
887 618 1027 649 respuunt
1052 612 1134 640 etiam
1161 611 1234 641 hane
1254 611 1512 647 interpretationem
1540 610 1706 646 sequentia,
1733 611 1811 639 ἀλλὰ
1832 609 1882 639 τό·

367 679 412 699 ποι
431 668 570 704 γενόμενοι
592 670 638 697 τοῦ
659 667 780 702 ποιμνίου
794 686 804 700 ,
835 672 907 700 quae
935 663 1049 699 quidem
1073 662 1214 691 sententia
1240 668 1300 691 tum
1327 662 1410 690 valde
1432 662 1529 698 inepte
1551 660 1694 697 superiori
1720 667 1882 696 opponere-

366 725 424 747 tur.
475 718 609 753 Denique
640 716 688 746 vix
720 715 844 744 dubitari
870 713 986 750 possit,
1015 713 1086 749 quin
1112 715 1204 750 κλῆροι
1231 713 1403 749 respondere
1431 713 1549 741 debeant
1575 725 1612 749 τῳ
1640 714 1772 748 orclanum,
1802 711 1883 747 qnod

367 769 564 804 vocabulum,
604 767 760 804 quominus
786 766 837 795 illo
863 772 950 793 sensu
976 763 1153 800 accipiatur,
1173 770 1251 792 vetat
1280 771 1350 791 usus
1378 761 1538 798 loquendi,
1569 770 1643 791 vetat
1671 770 1789 798 quoque
1811 770 1883 791 con-

367 826 487 855 textus,
508 827 572 847 cum
595 827 623 848 c.
641 826 678 853 2,
698 818 732 846 de
754 823 836 846 coetu
858 817 1092 846 Christianorum
1116 815 1296 844 adhibeatur.
1342 813 1443 842 Parum
1471 812 1630 848 probabilis
1654 821 1772 848 quoque
1795 813 1882 841 nobis

373 872 487 900 videtur
509 878 609 899 eorum
639 868 798 904 sententia,
821 869 871 904 qui
896 872 1023 904 putant.
1044 864 1305 894 denominationem
1331 867 1378 895 τοῦ
1400 865 1499 901 κλήρου
1520 863 1578 899 iam
1603 869 1731 898 tempore
1751 864 1883 898 Aposto-

368 922 461 951 lorum
483 928 658 957 usurpatam
681 919 794 954 fuisse,
815 926 881 947 cum
909 918 943 946 de
967 917 1110 946 ministris
1129 915 1362 950 Ecclesiasticis,
1383 921 1444 943 turn
1471 915 1505 942 de
1525 919 1604 942 coctu
1627 913 1881 951 Christianorum,

368 980 396 1001 et
422 981 456 1001 ex
487 980 521 1001 eo
551 972 664 1008 quidem
701 971 788 999 ducta
816 968 1032 1005 appellatione,
1065 967 1145 1002 quod
1168 974 1203 995 ex
1231 966 1331 996 Act.1
1359 972 1494 1000 constet,
1523 972 1592 994 tunc
1623 965 1760 1000 temporis
1783 973 1882 996 sacros

369 1025 520 1053 ministros
547 1023 654 1051 electos
678 1029 741 1050 esse
768 1021 928 1049 sortitione.
979 1017 1100 1046 Nullius
1126 1023 1201 1046 certe
1227 1026 1280 1053 pro
1305 1017 1361 1045 hoe
1386 1024 1441 1045 usu
1466 1015 1646 1044 auctoritatis
1667 1022 1710 1043 est
1737 1015 1883 1053 Theopha-

372 1083 438 1109 nes,
460 1074 573 1102 Saeculi
594 1073 636 1102 XI
657 1072 806 1108 scriptor,
839 1070 890 1106 qui
915 1070 945 1099 in
969 1068 1097 1100 Homilia
1121 1068 1241 1103 quadam
1264 1068 1351 1103 (10)
1386 1067 1532 1096 auditores
1560 1074 1629 1094 suos
1654 1066 1755 1094 dixerit
1776 1071 1882 1104 κλῆρον.

374 1125 518 1158 Equidem
547 1124 647 1160 potius
679 1121 883 1151 conferendum
911 1125 984 1155 puto
1009 1126 1094 1147 usum
1124 1117 1213 1147 Hebr.
1245 1106 1341 1155 ‘777³’
1373 1118 1453 1153 quod
1479 1117 1652 1145 vocabulum
1674 1125 1739 1145 cum
1769 1119 1886 1154 proprie

369 1175 514 1204 calculum
546 1175 660 1202 denotet
672 1194 682 1209 ,
706 1172 772 1210 (cf.
795 1171 837 1201 A.
855 1169 1006 1200 Schultans
1025 1168 1069 1198 ad
1084 1167 1176 1198 Prov.
1195 1168 1284 1198 XIX:
1313 1168 1366 1205 19)
1385 1167 1449 1196 dein
1467 1176 1518 1203 per
1537 1167 1739 1204 metonymiam
1767 1169 1800 1194 de
1820 1169 1884 1203 ipsa

372 1232 448 1255 sorte
471 1223 639 1258 adhibetur,
669 1228 696 1250 et
722 1231 772 1257 per
797 1223 882 1259 aliam
908 1220 1111 1257 metonymiam
1137 1228 1334 1257 quamcunque
1359 1227 1419 1247 rem
1446 1218 1576 1253 designat
1596 1218 1792 1254 acquisitam,
1821 1218 1885 1248 sive

371 1282 465 1311 sorte,
495 1281 528 1303 ut
549 1275 614 1312 Jos.
636 1273 708 1303 XV:
735 1281 759 1303 1.
791 1272 905 1302 XVIII:
929 1279 977 1301 11.
1004 1270 1076 1308 Jud.
1097 1270 1128 1299 I:
1153 1279 1180 1307 3.
1206 1269 1264 1307 Jer.
1286 1270 1370 1300 XIII:
1393 1275 1451 1304 25,
1479 1268 1542 1296 sive
1562 1268 1620 1297 alio
1642 1267 1745 1304 modo,
1777 1276 1808 1298 ut
1833 1270 1886 1300 Ps.

370 1327 458 1357 XVI:
481 1335 508 1363 5.
540 1325 666 1354 CXXV:
686 1333 699 1360 3
724 1323 825 1360 (ιι).
867 1320 948 1350 Alibi
970 1327 1087 1355 quoque
1109 1321 1138 1347 in
1162 1321 1200 1350 N.
1221 1321 1254 1350 F.
1278 1321 1396 1357 scriptis
1412 1321 1585 1350 vocabulum
1607 1320 1699 1355 κλῆρος
1720 1319 1774 1348 hoc
1798 1328 1886 1350 sensu

374 1377 510 1414 usurpari
526 1377 657 1410 videtur,
681 1382 730 1410 ut,
752 1382 816 1403 cum
837 1371 989 1401 adhibetur
1006 1370 1198 1407 defcliclmtc
1217 1375 1338 1397 aeterna
1359 1370 1427 1398 Act.
1451 1371 1569 1399 XXVI:
1593 1371 1644 1399 18:
1665 1373 1712 1400 τοῦ
1730 1372 1831 1406 λαβεῖν
1846 1380 1895 1393 -·

372 1434 468 1466 κλῆρον
489 1432 515 1458 ἐν
538 1434 591 1461 τοῖς
619 1428 788 1464 ἡγιασμένοις
811 1426 904 1463 (coll.
929 1424 965 1454 C.
982 1425 1055 1454 XX:
1077 1424 1138 1460 32)
1158 1430 1186 1451 et
1211 1421 1282 1450 Col·
1302 1421 1332 1450 l:
1358 1429 1410 1450 12:
1432 1420 1469 1458 τῷ
1492 1422 1654 1451 ἱκανώσαντι
1682 1422 1755 1455 ἡμᾶς
1778 1423 1817 1454 εἰς
1837 1423 1886 1456 τὴν

373 1482 470 1518 μερίδα
494 1482 541 1509 τοῦ
563 1481 660 1514 κλήρευ
686 1482 740 1508 τῶν
762 1478 849 1513 ἁγίων
870 1479 898 1507 ἐν
917 1478 954 1514 τῷ
974 1476 1059 1514 φωτΙ.
1100 1474 1208 1504 Eodem
1230 1471 1320 1509 igitur
1341 1473 1428 1501 modo
1451 1478 1553 1500 nostro
1575 1472 1642 1499 loco
1663 1473 1685 1502 οἳ
1710 1475 1800 1509 κλῆροι
1819 1471 1890 1501 mihi

373 1531 471 1561 vocari
497 1531 630 1559 videntur
660 1529 769 1567 singuli
794 1528 842 1557 illi
864 1534 959 1556 coetus
988 1527 1246 1560 Christianorum,
1277 1526 1327 1562 qm·
1351 1523 1473 1561 singulis
1498 1522 1679 1559 Presbytero
1705 1523 1886 1561 obtigerunt,

374 1589 406 1610 ut
431 1583 501 1610 idem
529 1581 700 1615 denotetur,
722 1580 801 1615 quod
822 1586 848 1607 c.
864 1587 882 1607 2
901 1577 1014 1606 dicatur
1035 1579 1064 1607 τὸ
1089 1579 1115 1606 ἐν
1141 1579 1203 1612 ὑμῖν
1225 1576 1355 1610 ποίμνιον.
1393 1573 1572 1609 Proponitur
1594 1573 1729 1602 nimirum
1756 1573 1886 1601 Ecclesia

374 1633 540 1661 Christiana
570 1639 704 1666 tanquam
729 1638 795 1666 grex
821 1637 968 1666 magnus,
997 1629 1026 1656 in
1054 1628 1213 1656 nonnullos
1237 1633 1336 1661 grtgcs
1363 1624 1487 1652 minores
1514 1623 1648 1657 divisus,
1678 1623 1723 1650 cui
1751 1625 1888 1653 universo

374 1683 477 1719 praesit
508 1685 520 1711 ὁ
544 1684 708 1718 ‹imin-olam
734 1687 760 1709 et
789 1681 873 1718 cnjus
908 1679 1031 1716 singulis
1059 1678 1191 1714 partibus
1224 1675 1374 1713 (κλήροις)
1402 1673 1538 1710 praefecti
1567 1673 1624 1701 sint
1652 1673 1675 1702 ol
1702 1676 1884 1711 πρεσβυτέρα..

375 1733 526 1770 Quidquid
551 1741 617 1760 vero
644 1732 729 1767 liujus
757 1732 795 1760 rei
816 1732 872 1768 sit,
894 1732 917 1762 oi
946 1735 1037 1768 κλῆροι
1066 1729 1103 1758 ob
1129 1728 1187 1757 loci
1209 1735 1311 1756 nexum
1338 1727 1387 1753 vix
1410 1725 1458 1754 alii
1485 1724 1605 1761 intelligi
1625 1732 1712 1760 posse
1737 1725 1887 1760 videntur,

379 1792 464 1820 quarn
487 1789 580 1811 coctus
603 1782 848 1810 Christianorum.
895 1779 984 1816 Quod
1014 1788 1080 1808 vero
1104 1780 1206 1808 Petrus
1239 1779 1285 1806 hic
1311 1776 1416 1813 plurali
1439 1783 1558 1804 numero
1586 1782 1701 1808 utatur,
1730 1775 1800 1802 illud
1824 1775 1889 1810 qui-

378 1836 466 1870 dem,
498 1834 525 1862 si
550 1834 680 1862 studiose
707 1833 749 1861 sic
777 1831 930 1868 scripsisse
960 1829 1123 1860 censendus
1147 1828 1209 1864 sit,
1237 1833 1388 1863 propterea
1407 1824 1493 1855 nobis
1520 1824 1624 1854 secisse
1649 1824 1783 1861 videtur,
1810 1825 1889 1868 guod

1852 1884 1896 1905 xa·

416 1960 496 1995 (to)
517 1961 592 1986 llom.
613 1959 674 1987 xli.
701 1967 757 1992 pag.
773 1967 816 1993 70.

417 2008 431 2042 (
448 2007 502 2041 ιι)
522 2008 550 2033 In
568 2007 685 2032 omuibus
703 2007 767 2032 locis
785 2006 864 2031 allatis
881 2005 1033 2031 vocabulum
1048 1980 1128 2034 *riu
1144 2003 1175 2027 ab
1194 2001 1370 2028 Alexandrinis
1388 2000 1511 2027 redditum
1532 2006 1568 2025 est
1587 2001 1688 2030 κλῆρος.
