1946 2517
351 130 370 162 s
783 121 1371 162 EBOSSCRA,

349 222 477 260 titudo,
510 220 578 253 ruri
604 219 811 264 degentium,
841 217 1023 250 concredita
1047 223 1105 249 est.
1165 218 1211 248 De
1237 216 1355 248 horum
1378 215 1468 248 -enim
1494 217 1618 248 inscitia
1641 221 1722 263 quid
1742 229 1803 252 vos

348 278 564 321 frequentium
596 283 629 308 et
666 277 824 319 justarum
853 274 1057 318 querelarum
1091 274 1126 305 in
1159 273 1345 304 memoriam
1377 283 1522 304 revocem
1541 296 1552 310 ,
1593 285 1673 317 quas
1705 277 1802 308 etiam

347 346 436 367 nunc
468 333 611 377 quotidie
645 331 794 365 audimus
827 330 972 374 undique
1012 329 1164 361 moveri?
1207 328 1294 370 Quid
1329 329 1539 361 miserrimam
1572 330 1666 362 vobis
1690 332 1810 375 ἀερία-Ι

348 403 421 436 gam
446 398 563 423 sortem
596 399 729 427 eorum,
757 389 819 431 -qui
846 389 881 420 in
909 387 1054 431 inperitis
1077 385 1259 418 istiusmodi
1287 385 1476 417 hominibus
1499 385 1634 418 salutem
1660 397 1751 419 suam
1774 394 1806 421 et

347 450 444 482 vitam
475 447 645 491 periclitari
671 445 857 488 coguntur?
903 444 990 484 Quid
1016 443 1214 476 miserandos
1235 443 1329 476 vobis
1355 442 1490 475 referam
1514 455 1656 483 errores,
1684 444 1806 487 quibus

347 504 492 549 quotidie
516 503 644 535 civibus
673 501 809 534 infertur
836 500 1018 544 pernicies?
1061 503 1145 532 Haec
1167 500 1277 532 omnia
1302 500 1428 543 saepius
1455 501 1522 542 jam
1548 507 1580 531 et
1603 500 1731 544 publice
1755 511 1808 539 sa»,

345 565 387 596 tis
409 561 492 593 dicta
514 566 612 599 sunt,
647 569 743 602 quam
766 564 803 590 ut
826 557 1030 590 hisce-aures
1051 563 1171 591 vestras
1195 559 1234 591 A.
1258 560 1298 590 A.
1323 556 1451 600 fatigem
1475 557 1607 590 diutius.

389 623 500 661 Quum
529 616 627 661 igitur
661 628 756 649 nemo
787 617 895 659 justus
931 625 1038 646 rerum
1074 615 1271 646 existimator
1303 613 1428 645 inficias
1455 616 1500 646 ire
1525 616 1645 658 possit,
1677 614 1811 655 hodier-x

343 688 420 710 nam
450 676 630 716 chirurgiae
663 673 882 717 conditionem
913 672 948 702 in
977 671 1078 713 patria
1105 677 1216 699 nostra
1243 674 1286 700 ita
1309 681 1376 707 esse
1398 673 1635 708 constitutam,
1669 680 1705 702 ut
1733 673 1809 704 alia-

343 727 419 771 rum
437 729 844 775 ,gentiumvprogressibus
876 728 973 770 longe
1006 725 1138 758 inferior
1164 726 1205 755 sit
1233 723 1403 764 habenda;
1434 726 1578 762 maximi,
1593 736 1642 757 res
1667 733 1715 758 est
1737 738 1809 767 mm,

346 791 445 823 menti
473 789 680 830 investigare,
721 788 850 820 cuinam
878 787 925 817 rei
952 787 1050 818 tristis
1082 785 1197 816 haecce
1224 783 1431 816 adscribenda
1458 785 1499 816 sit
1523 796 1631 817 rerum
1656 784 1762 826 facies.

387 848 488 889 Cujus
515 846 645 889 quidem
672 845 718 876 rei
742 854 866 876 caussas
892 843 1058 887 quaerenti
1081 853 1147 874 una
1165 865 1173 881 ‚
1202 851 1302 884 eaque
1331 842 1511 883 primaria,
1542 842 1648 873 statim
1672 842 1707 873 in
1730 852 1809 878 ocuq

344 904 394 936 los
421 903 511 935 cadat
541 913 667 935 necesse
692 908 753 940 est,
787 900 927 933 defectus
956 899 1137 944 amplorum
1164 900 1238 930 satis
1264 899 1549 936 nosocomiorum,
1589 897 1697 940 qualia
1727 898 1807 930 alibi

345 961 567 992 inveniuntur.
621 960 759 1001 Majores
792 959 878 989 enim
910 957 995 1000 apud
1021 963 1145 987 exteros
1169 955 1623 1005 populos-artiffiprogressus
1654 954 1807 997 inprimis,

345 1016 503 1049 debentur
534 1016 692 1059 ejusmodi
721 1015 898 1052 institutis,
938 1013 1116 1056 iti-quibus
1142 1012 1272 1048 illorum
1299 1011 1479 1051 formantur
1506 1010 1676 1053 Chirurgi,
1708 1018 1741 1042 et
1767 1012 1804 1043 in

345 1075 465 1119 quibus
490 1075 627 1112 tirones,
660 1082 728 1104 non
754 1082 792 1110 ex
819 1069 1019 1114 compendiis
1042 1068 1136 1108 solis,
1165 1068 1221 1100 sed
1243 1066 1389 1110 ἀυτοῲὶςι
1413 1074 1445 1098 et
1469 1067 1683 1108 experientia,
1706 1068 1804 1099 variis

345 1134 467 1166 morbis
488 1140 520 1165 et
542 1132 634 1164 malis
654 1141 841 1163 succurrere
864 1130 1005 1162 discunt.
1027 1159 1032 1162 ,
1466 1160 1468 1162 ,

391 1190 516 1222 Habent
551 1188 682 1232 quidem
723 1187 913 1220 Academiae
951 1191 1078 1216 nostrae
1113 1182 1188 1214 talia
1219 1182 1365 1213 instituta
1383 1204 1395 1221 ‚
1433 1191 1533 1224 eaque
1565 1180 1708 1222 egregia,
1748 1179 1805 1212 sed

344 1249 423 1280 haec
449 1246 559 1277 minus
579 1246 636 1283 ei,
661 1255 758 1287 quam
784 1254 844 1275 nos
869 1244 1014 1286 agimus,
1047 1250 1174 1272 caussae
1204 1238 1380 1270 satisfacere
1402 1236 1538 1280 amplius
1562 1236 1692 1280 patebit.
1744 1238 1803 1268 De.

344 1303 520 1335 sideramus
552 1301 671 1334 scilicet
703 1300 863 1343 ejusmodi
896 1298 1120 1331 nosocomium
1139 1319 1150 1335 ,
1194 1299 1228 1328 in
1265 1305 1331 1337 quo
1365 1305 1433 1326 non
1469 1300 1594 1325 tantum
1633 1293 1804 1336 Chirurgi,

344 1360 474 1404 proprie
500 1359 543 1389 ita
567 1358 665 1396 dicti,
695 1357 751 1388 sed
781 1356 858 1387 tates
885 1357 1053 1398 praecipue
1082 1355 1157 1385 artis
1186 1352 1310 1384 alumni
1342 1350 1508 1382 informari
1541 1350 1702 1388 debeant,
1733 1349 1807 1391 qui-

343 1415 406 1448 bus
432 1415 536 1445 variae
564 1412 738 1441 medicinae
763 1417 868 1451 partes
893 1410 990 1441 simul
1015 1408 1198 1437 demandari
1232 1407 1358 1442 solent,
1390 1407 1512 1445 quique
1531 1417 1584 1437 eas
1605 1405 1806 1444 conjunctim

343 1472 412 1504 ruri
435 1477 467 1502 et
489 1470 524 1501 in
547 1468 638 1513 pagis
660 1472 818 1498 exercent.
930 1460 932 1462 ’

386 1532 427 1561 Et
456 1529 570 1558 haecce
602 1524 731 1568 quidem
763 1523 935 1565 cogitatio,
971 1521 1012 1553 ab
1043 1531 1082 1554 eo
1112 1518 1186 1551 iude
1223 1525 1386 1562 tempore,
1428 1528 1494 1560 quo
1526 1516 1715 1559 Cliirurgiae
1738 1521 1805 1547 stu-

343 1587 400 1621 dio
424 1583 571 1628 inprimis
595 1580 780 1613 incumbere
807 1580 919 1622 coepi,
960 1578 1038 1609 adeo
1065 1588 1117 1608 me
1145 1577 1266 1614 tenuit,
1303 1582 1340 1606 ut
1366 1574 1499 1605 mirifice
1525 1584 1649 1614 semper
1675 1582 1726 1604 me
1751 1571 1804 1603 de-

345 1643 474 1675 lectaret
504 1639 701 1683 spe5‚'sore
732 1644 768 1668 ut
799 1636 876 1668 huic
903 1635 1109 1668 incommodo
1143 1636 1209 1676 jam
1247 1630 1374 1668 landem
1404 1630 1642 1662 subveniretur.
1698 1630 1805 1669 Quare

345 1700 467 1732 nemini
499 1702 662 1735 vestrum,
699 1701 796 1737 puto,
841 1695 882 1725 A.
907 1695 969 1731 A.‚
1001 1693 1119 1724 mirum
1148 1689 1334 1726 videbitur,
1371 1688 1459 1730 quod
1488 1687 1624 1718 solemni
1649 1688 1709 1717 hoc
1732 1683 1803 1722 (lie,

346 1766 414 1800 quo
446 1755 638 1790 Anatomes‚
678 1749 896 1793 l‘iiysiologiae
921 1760 956 1780 ac
985 1749 1175 1790 Chirurgiae
1203 1745 1433 1778 Professiouem
1462 1746 1681 1786 auspicaturus
1711 1751 1804 1778 sum,

347 1812 502 1844 orationis
531 1815 756 1852 argumentum
788 1806 955 1837 sumserim
991 1805 1033 1836 ab
1060 1804 1278 1836 emolumento
1303 1808 1334 1833 et
1361 1799 1560 1837 commodis,
1597 1808 1676 1841 quae
1702 1808 1719 1828 a
1748 1795 1803 1826 tali

351 1868 552 1901 institutione
581 1865 701 1909 sperari
725 1863 839 1894 merito
867 1863 1013 1905 possint,
1043 1869 1074 1893 et
1097 1860 1185 1904 quod
1210 1869 1372 1891 summum
1401 1858 1471 1899 ejus
1501 1861 1701 1888 momentum
1735 1862 1803 1890 ma-¹

346 1927 529 1968 ximamque
552 1922 767 1956 necessitatem
790 1919 848 1950 hae
870 1920 1013 1951 oratione
1035 1918 1200 1952 ostendere
1223 1915 1452 1949 constituerim.

1747 1965 1802 1996 Di-
