1946 2517
703 155 1130 191 LECTIONUM.
1607 173 1643 198 11

176 252 204 296 J.
238 264 286 287 Di:
318 251 566 291 GELDER‚
588 249 750 284 Professor
775 251 1078 289 Extraordinarius‚
1108 252 1344 286 demonstrabit
1371 253 1548 294 mathesin,
1579 255 1640 289 die-

221 309 283 342 bus
299 312 409 342 Lunae
421 333 429 349 ,
453 312 579 348 Martis,
601 308 752 341 Mercurii
767 314 799 340 et
812 309 899 340 Jovis
909 332 921 350 ,
943 309 1023 340 hora
1039 309 1126 343 VIII.

265 367 422 410 Principia
448 366 672 399 Arithmetices
697 365 904 405 universalis,
926 366 967 397 ad
990 367 1207 398 Geometriam
1238 365 1408 410 adplicata,
1440 367 1554 400 diebus
1582 370 1644 400 Lu-

305 436 365 456 nae
387 430 418 455 et
437 423 606 461 Mercurii,
629 422 709 454 hora
727 420 752 456 Ῑ.

256 480 394 523 Regulas
412 479 532 511 Calculi
548 478 774 511 Differentialis
787 485 818 510 et
838 478 1023 522 Integralis‚
1048 479 1161 512 diebus
1177 481 1287 512 Martis
1309 488 1341 513 et
1357 482 1444 513 Jovis
1455 506 1463 521 ,
1484 483 1561 514 hora
1578 484 1604 518 I.

259 537 478 570 Mechanicam
498 537 699 581 Analyticam
723 536 844 577 tradet,
868 536 983 569 diebus
1002 543 1034 568 et
1050 536 1139 568 horis
1158 536 1309 580 deinceps
1327 538 1542 572 instituendis.

181 650 521 690 FACULTAS
559 633 805 687 PHILOS.
848 649 1191 687 'r11EOR,E'r
1217 649 1621 688 LITERARUM.

162 760 195 806 J.
229 760 270 793 H.
304 771 387 794 vAN
418 769 499 792 DER
528 759 673 791 PALM
699 758 786 790 varia
811 759 964 789 Veterum
984 757 1201 790 Hebraeorum
1226 758 1374 789 Carmina
1394 758 1589 801 Philologice
1606 765 1637 790 et

213 816 328 848 Critice
347 815 537 852 illustrabit,
559 813 673 845 diebus
694 815 804 844 Lunae
818 811 850 844 et
869 814 1036 853 Mercurii,
1062 813 1138 845 hora
1158 815 1183 847 Ι.

251 873 415 904 Oratoriae
433 874 542 902 Sacrae
559 876 725 915 praecepta
740 870 860 910 tradet,
884 870 997 903 diebus
1015 871 1125 903 Martis
1144 878 1175 903 et
1188 871 1292 911 Jovis,
1316 871 1394 903 hora
1414 873 1439 905 Ι.

250 927 460 961 Lectionibus
479 928 642 960 Coranicis
666 927 808 967 vacabit,
833 928 947 961 diebus
963 930 1092 969 Martis,
1115 929 1195 961 hora
1213 931 1243 963 V
1264 936 1296 961 et
1321 931 1376 963 VI.

162 986 213 1020 M.
243 986 324 1018 SIE
338 985 518 1019 GENBE
530 985 595 1018 ΕΚ
626 986 813 1029 praecipuas
835 988 955 1018 Patriae
991 987 1148 1019 Historiae
1180 986 1318 1030 epochas
1352 984 1633 1018 observationibus

205 1042 400 1082 illustrabit,
424 1041 538 1074 diebus
554 1044 681 1082 Lunae,
703 1043 833 1080 Martis,
859 1043 1011 1074 Mercurii
1030 1050 1062 1074 et
1074 1045 1162 1076 Jovis
1173 1066 1183 1081 ,
1207 1042 1287 1074 hora
1306 1041 1413 1075 VIII.-

246 1100 447 1138 Rhetorices,
462 1099 613 1141 inprimis
632 1098 792 1141 Belgicae,
810 1103 976 1141 praecepta
995 1100 1112 1138 tradet,
1138 1100 1254 1132 additis
1272 1099 1433 1131 scribendi
1453 1098 1631 1137 exercitiis,

286 1166 346 1186 nec
369 1164 437 1185 non
455 1154 667 1197 explicatione
691 1156 900 1196 specimc’tmm
930 1154 1141 1197 Eloquentiae
1167 1154 1334 1198 Begu'cae,
1359 1165 1378 1186 a
1397 1165 1430 1186 se
1445 1154 1627 1194 editorum,

287 1210 400 1241 iisdem
420 1209 554 1248 diebus,
582 1209 661 1241 hora
678 1210 703 1242 Ι.

243 1267 449 1315 Declamandi
467 1267 626 1299 exercitiis
642 1267 784 1306 vacabit,
809 1266 862 1300 die
877 1268 1028 1307 Veneris,
1054 1267 1134 1301 hora
1155 1269 1213 1303 III.

242 1327 291 1357 De
307 1324 376 1356 aliis
391 1323 507 1356 scholis
518 1346 528 1362 ‚
553 1324 620 1356 sive
635 1323 676 1355 ad
689 1324 868 1356 Literarum
888 1324 1085 1368 Belgiearum
1109 1327 1283 1359 Historiam
1311 1328 1474 1366 criticam,
1501 1328 1568 1359 sive
1588 1327 1627 1359 ad

287 1380 536 1412 Grammaticam
566 1380 745 1423 Belgicam,
775 1381 1030 1425 pertinentibuS,
1063 1389 1138 1425 post
1171 1383 1266 1416 ferias
1304 1395 1380 1416 cum
1418 1384 1628 1416 Auditoribus

287 1443 368 1480 aget.
1109 1438 1115 1443 “

153 1496 185 1529 S.
207 1496 234 1540 J.
258 1507 338 1529 VAN
363 1506 411 1528 DE
436 1489 771 1530 WYNPERSSE
791 1497 1042 1542 Metaphysicam
1059 1505 1218 1543 exponet,
1245 1497 1363 1530 diebus
1379 1500 1509 1539 Lunae,
1532 1499 1623 1531 Mar-

196 1555 253 1592 tis,
274 1553 430 1584 Mercurii
447 1558 478 1583 et
495 1553 602 1590 Jovis,
628 1553 706 1584 hora
728 1554 783 1587 IX.

237 1612 286 1641 De
304 1609 510 1641 Lectionibus
528 1611 562 1641 in
576 1612 730 1652 Logicam
749 1611 907 1644 habendis
920 1635 932 1653 ,
955 1619 1029 1657 post
1047 1613 1169 1656 elapsas
1191 1610 1286 1644 ferias
1298 1635 1307 1652 ‚
1331 1612 1515 1644 constituet.

150 1666 194 1700 H.
223 1666 487 1708 TOLLIUS,
515 1677 670 1709 quasnam
703 1670 869 1702 Lectiones
900 1678 932 1702 et
961 1671 1082 1715 quibus
1113 1671 1202 1702 horis
1227 1673 1269 1702 sit
1295 1670 1484 1706 habiturus,
1515 1674 1623 1711 postea

197 1725 360 1755 indicabit.
1352 1737 1356 1742 ’

151 1780 200 1814 Μ.
229 1780 298 1811 TY
312 1779 459 1812 DEMA
473 1778 524 1818 Ν,
550 1779 783 1820 Antiquitatem
807 1782 984 1812 Romanam
1006 1784 1168 1823 exponet,
1197 1776 1312 1810 diebus
1341 1779 1472 1818 Lunae,
1496 1779 1623 1819 Martis,

196 1837 346 1869 Mercurii
364 1842 396 1867 et
414 1837 516 1877 Jovis,
540 1836 617 1867 liora
638 1836 709 1869 XII.

151 1892 180 1935 J.
211 1883 344 1924 BAKE
374 1892 633 1935 interpretabitur
652 1892 812 1925 Herodoti
832 1892 1045 1927 ilistoriarum
1064 1893 1200 1926 Librum
1217 1893 1311 1932 VIII,
1334 1899 1366 1924 et
1392 1892 1617 1937 Aristophanis

197 1948 442 1988 Ecclesiazusas,
464 1948 578 1981 diebus
596 1951 720 1990 Lunae,
741 1952 853 1984 Martis
866 1974 877 1991 ,
900 1952 1052 1984 Mercurii
1072 1957 1103 1982 et
1117 1951 1222 1991 Jovis,
1245 1949 1324 1982 hora
1341 1948 1399 1983 ΙΙΙ.

880 2009 903 2038 Β
927 2019 946 2039 2
1562 2005 1625 2039 La!
