1946 2517
406 164 718 206 COMMENTATlo
737 183 780 206 An
800 172 1105 215 QUAESTIONEM
1126 174 1348 209 Pl-IYSICAM.
1599 188 1632 217 31

619 290 656 310 =
676 267 871 320 18334246g
843 317 876 346 ἐκ
927 292 939 314 1
961 282 1041 321 —l-—
1018 267 1083 336 Ξ)

126 369 214 402 Ratio
234 370 320 401 D-
280 379 321 387 ····
344 350 435 432 ἐξ
456 369 636 399 determinata
654 375 698 398 est
718 370 759 400 60
774 370 887 399 circiter
906 372 1003 401 metris
1027 379 1113 407 supra
1132 369 1218 399 maris
1240 368 1386 406 libellam,
1406 369 1436 399 h.
1455 377 1480 398 e.
1503 381 1522 400 a
1547 370 1574 410 {-
1592 371 1630 402 60

127 446 224 476 metris
250 455 266 475 a
288 452 386 476 centro
409 452 516 481 terrae,
536 444 561 473 si
588 454 608 474 a
627 451 671 474 est
694 444 755 483 ejus
783 446 879 475 radius
898 456 937 474 =
956 446 1109 484 6366198:
1137 445 1244 482 igitur,
1263 445 1288 474 si
1314 454 1334 474 r
1355 452 1398 474 est
1425 445 1549 474 altitudo
1571 453 1630 475 sta-

126 497 214 527 tionis
238 497 381 527 inferioris
403 504 489 534 supra
514 504 606 531 mare,
627 502 671 524 est

885 544 899 560 2

368 581 701 624 ἕ-(ίῑ-ῧ-Υ)2
726 543 1241 650 (14¹⁸)mo(

368 623 700 669 22*(a†0022
725 558 1017 706 (1460)2=(1
1003 589 1176 659 1—->
1231 605 1338 644 μι-
1319 590 1377 663 ἴτε)

126 741 244 772 omissis
265 740 411 777 quadratis
432 741 623 777 quantitatum
645 716 685 793 {a
703 746 731 769 et
725 640 796 792 (Ξῖ,
819 746 906 777 atque
924 740 992 769 hinc
1012 739 1153 776 denique,
1193 739 1201 745 '
1322 723 1374 791 Ῑαῡ
1495 739 1501 745 ’
1542 740 1636 777 expri-

124 805 235 840 mitur,
255 803 417 833 coefficiens
437 810 481 832 est
499 802 559 832 fere

532 867 682 904 =18334
707 852 746 918 (1
769 845 885 918 -1-2—0')
911 842 948 908 (ι
971 864 1008 900 -Ι-
1027 849 1074 918 Ξ)
1097 863 1177 901 (1)-

160 948 191 979 5.
225 940 432 970 eorrectiones
459 940 544 977 illae,
565 941 600 970 de
622 940 729 976 quibus
753 940 892 968 hactenus
918 939 1036 967 locutus
1059 946 1146 973 sum,
1169 937 1295 967 omnium
1321 945 1468 966 consensu
1493 937 1632 967 formulae

123 992 328 1021 barometricae
359 992 499 1021 addendae
533 998 623 1027 sunt,
653 998 684 1020 ut
712 997 844 1020 accurate
870 990 934 1018 inde
962 989 1079 1025 prodeat
1104 989 1284 1024 objectorum
1315 988 1458 1018 altitudo:
1491 989 1539 1017 sed
1563 997 1632 1018 sunt

117 1038 235 1081 ‘praeter
259 1042 310 1071 has
332 1042 415 1071 etiam
441 1043 513 1071 duae
533 1043 623 1078 aliae,
651 1042 817 1078 propositae
842 1050 857 1070 a
876 1041 948 1069 viris
973 1040 1048 1069 Cell.
1074 1038 1287 1076 Benzenbergio
1312 1045 1340 1067 et
1367 1038 1609 1070 D'Aubuiesonio.

161 1093 393 1130 Benzcnbcrgius
407 1094 631 1129 atmosphaeram
648 1093 723 1128 alia,
741 1100 825 1128 quam
843 1091 955 1127 vulgari
972 1091 1028 1118 sibi
1046 1090 1185 1126 cogitavit
1199 1089 1324 1118 ratione:
1345 1089 1434 1124 vulgo
1451 1090 1524 1118 enim
1545 1090 1631 1119 habe-

120 1145 170 1175 tur
189 1152 241 1180 pro
258 1152 313 1172 una
329 1152 420 1173 massa
436 1144 539 1180 fluida,
560 1152 633 1180 quae
657 1150 771 1173 constet
785 1143 872 1171 variis
888 1141 1057 1176 elementis,
1079 1140 1129 1168 sed
1152 1140 1190 1168 ita
1207 1140 1303 1168 mixtis
1315 1159 1326 1174 ,
1349 1146 1382 1167 ut
1404 1147 1495 1167 unum
1519 1148 1627 1176 corpus

124 1196 292 1231 efformem,
314 1202 342 1224 et
364 1201 499 1230 tanquam
523 1195 578 1224 tale
600 1196 631 1224 in
655 1195 846 1223 barometrum
871 1199 1021 1229 premant:
1047 1191 1276 1229 Benzenbergius
1296 1190 1364 1227 (2)
1385 1198 1504 1226 contra,
1525 1192 1628 1221 Dalto=

120 1247 265 1276 tonianam
289 1245 428 1274 rationem
458 1252 577 1274 secutus
599 1248 691 1275 ae'rem
714 1246 821 1275 sumsit
848 1251 993 1280 tamquam
1017 1242 1215 1277 compositum
1243 1249 1276 1269 ex
1302 1247 1429 1276 quatuor
1453 1243 1634 1279 atmosphae·

120 1298 183 1334 ris,
211 1305 329 1333 quarum
361 1298 448 1326 altera
476 1305 535 1325 non
562 1304 702 1333 premeret
728 1297 757 1326 in
788 1295 926 1330 alteram,
958 1294 1138 1330 singularum
1171 1298 1264 1320 autem
1297 1291 1450 1320 densitates
1475 1294 1633 1323 secundum

121 1348 278 1386 peculiares
302 1348 379 1384 leges
404 1355 518 1376 sursum
536 1348 726 1377 decrescerent
743 1357 754 1385 3
777 1353 926 1384 propterea
949 1344 1131 1380 computavit
1148 1343 1326 1379 singularum
1352 1343 1515 1377 pressiones
1534 1344 1563 1372 in
1583 1344 1633 1373 ba-

120 1406 275 1428 rometrum
295 1399 324 1427 in
348 1399 435 1428 variis
461 1400 664 1429 altitudinibus
687 1409 774 1436 supra
796 1400 882 1428 maris
907 1396 1052 1430 libellam,
1073 1401 1160 1430 atque
1184 1394 1253 1422 hinc
1275 1393 1392 1421 deduxit
1412 1393 1557 1429 tabulam,
1587 1395 1630 1424 in-

122 1450 283 1484 dicantem,
315 1456 452 1484 quantum
481 1452 639 1480 secundum
672 1450 869 1480 Daltonianam
901 1449 1037 1476 rationem
1073 1445 1300 1474 subtrahendum
1333 1445 1372 1472 sit
1403 1445 1628 1481 altitudinibus,

120 1501 233 1537 vulgari
265 1502 374 1529 ratione
399 1501 587 1537 computatis.
635 1501 770 1530 Ostendit
796 1510 884 1538 porro
918 1503 1067 1536 exemplo,
1094 1501 1129 1529 ab
1162 1500 1314 1529 altitudine
1346 1499 1459 1527 Montis
1490 1500 1630 1537 Gregorii

120 1554 273 1587 desumto,
295 1553 346 1581 hac
373 1554 552 1581 correctione
574 1552 703 1582 adhibita
727 1554 890 1581 accuratius
911 1552 1032 1581 inveniri
1052 1551 1195 1580 montium
1220 1549 1398 1579 altitudines.
1449 1549 1515 1578 Hoc
1537 1559 1627 1579 unum

120 1604 281 1639 exemplum
308 1609 402 1631 tamen
428 1610 487 1631 non
512 1609 609 1640 potest
634 1612 668 1633 eo
690 1604 802 1639 valere,
825 1610 858 1632 ut
885 1603 948 1632 ideo
975 1604 1069 1632 statim
1090 1602 1230 1631 correctio
1257 1601 1291 1630 ab
1314 1602 1449 1630 omnibus
1475 1602 1562 1638 recipi
1581 1603 1629 1631 de-

120 1655 208 1690 beat,
231 1655 394 1690 praesertim
421 1662 509 1690 quum
534 1655 596 1690 ipsa
620 1655 711 1690 ratio,
733 1656 791 1691 qua
813 1654 939 1690 nititur,
961 1653 1093 1690 quamvis
1112 1653 1208 1689 plures
1230 1652 1347 1689 physici
1371 1652 1544 1681 celeberrimi
1567 1654 1629 1690 ejus

121 1706 268 1734 veritatem
294 1712 498 1741 propugnent‚
520 1706 612 1734 adhuc
638 1714 652 1734 a
679 1706 779 1734 multis
800 1706 828 1734 in
855 1704 974 1733 dubium
994 1710 1134 1738 vocetur,
1156 1704 1232 1732 unde
1256 1703 1388 1739 factum,
1411 1709 1443 1732 ut
1469 1705 1629 1740 nuperrime

121 1756 313 1785 eruditissima
349 1757 471 1786 societas
499 1757 528 1785 in
558 1757 649 1792 patria
675 1757 776 1785 nostra
801 1765 859 1785 eain
889 1756 1064 1792 probandam
1098 1755 1312 1784 refutandamve
1342 1756 1519 1791 quaestionis
1543 1764 1628 1793 argu·

122 1815 248 1838 mmtum
270 1809 455 1845 proposuerit
478 1810 556 1848 (3).
597 1808 697 1846 Quum
721 1816 862 1845 praeterea
879 1807 1004 1837 formula
1030 1807 1233 1843 barometrica‚
1253 1807 1320 1843 ipso
1339 1806 1555 1844 Benzeubergio
1571 1814 1627 1836 tes-

1582 1867 1609 1887 te
1619 1880 1629 1895 ‚

151 1913 200 1940 (i)
216 1906 285 1934 Con'f.
307 1917 395 1939 ιιοτ,
416 1912 478 1934 Tan.
496 1913 550 1935 Bar.
571 1919 594 1939 p.
609 1917 714 1938 ειν-’3.

148 1955 183 1982 (a
198 1961 203 1974 ι
225 1955 293 1977 Cous.
309 1959 389 1976 σιιο.
405 1953 466 1975 Ann.
482 1955 543 1975 1812.
569 1954 595 1974 B.
612 1952 657 1973 XL.
680 1958 700 1975 s.
718 1951 758 1974 162
773 1956 796 1973 et
809 1956 872 1980 seqq.
889 1955 911 1973 et
926 1951 1064 1979 Zairschrfj}
1072 1952 1117 1978 fiir
1129 1951 1166 1972 dia
1180 1951 1317 1975 astronomia
1331 1951 1376 1972 und
1390 1951 1516 1973 rerwandu
1529 1951 1624 1974 Wium.

124 1995 239 2022 sehusun,
253 2002 292 2015 van
315 2000 410 2018 ιικῃι
422 2000 482 2015 svau
503 1993 547 2014 und
567 1999 841 2023 nonuzunnzcau,
856 1995 919 2020 taq-
942 2001 966 2022 p.
985 1999 1020 2016 111
1038 1998 1061 2015 ct
1074 1998 1124 2023 ³¹7·

151 2039 202 2066 (³)
223 2036 275 2061 Vid.
291 2037 390 2058 Annam
407 2036 538 2064 Κάμμα,
557 2036 610 2065 Juin
626 2036 688 2060 1821.
707 2042 731 2064 Ρ.
746 2040 798 2064 45⁵.
