1946 2517
292 105 605 138 COMMENTATIO
633 115 676 136 AD
706 105 1014 144 QUAESTIONEM
1043 107 1388 140 PHILOSOPHICAM.
1554 117 1594 150 15

80 189 177 221 facit?
197 189 268 227 quid
287 196 331 219 est
354 189 462 226 igitur,
491 198 544 218 cur
568 189 608 219 ita
633 197 743 224 semper
765 191 858 219 Deum
884 192 1007 226 appellet
1035 191 1204 228 Epicurus,
1233 193 1347 221 beatum
1373 199 1400 221 et
1421 191 1590 223 aeternum?

77 244 172 273 demta
192 243 267 271 enim
293 242 458 271 aeternitate
484 241 578 271 nihilo
607 241 718 269 beatior
747 241 861 278 Jupiter
896 250 979 277 quam
1009 243 1169 278 Epicurus.
1209 243 1344 279 Uterque
1365 245 1441 272 enim
1476 253 1590 274 summo

78 294 158 324 hono
191 293 319 330 fruitur,
348 293 378 322 id
403 300 466 328 est,
495 293 656 328 voluptate.
705 291 748 320 At
772 293 845 320 enim
877 293 924 321 hic
960 295 1042 323 etiarn
1071 295 1181 323 dolore.
1237 297 1276 323 At
1299 303 1362 323 eum
1396 295 1480 324 nihili
1508 295 1590 326 facit.

77 346 130 376 Ait
155 345 231 376 enim
258 354 309 383 se,
332 345 359 375 si
384 352 504 380 uratur,
526 352 611 380 quam
641 351 747 378 suave,
769 343 930 374 dicturum:
961 354 1018 381 qua
1047 346 1136 382 igitur
1160 353 1189 375 re
1207 354 1225 375 a
1244 345 1309 375 Deo
1332 347 1474 382 vincitur,
1495 347 1521 376 si
1546 355 1591 376 ae.

74 398 208 429 tel-nitate
232 406 292 427 non
313 396 466 426 vincitur'’
484 395 576 433 (02

112 449 175 479 Sub
198 449 310 479 diversa
338 448 421 477 etiam
446 447 556 476 ratione
587 446 643 475 hoc
668 445 790 482 Epicuri
822 446 1004 475 enunciatum
1039 447 1212 476 considerari
1237 454 1344 484 potest.
1386 447 1494 478 Nonne
1514 449 1589 485 Epi·

73 508 161 530 curus
187 500 244 529 hoc
281 506 436 536 praecepto
471 498 500 527 id
529 498 672 533 voluerit,
699 504 731 525 ut
761 503 867 526 metum
897 498 1030 526 adimeret
1063 499 1216 527 oriundum
1249 508 1283 528 ex
1316 499 1464 530 felicitatis
1489 500 1593 530 futura*

72 551 254 582 amissione?
282 551 389 581 Nonne
415 551 444 579 id
464 549 550 579 uobis
575 557 744 586 persuasum
775 549 876 578 habere
905 549 1094 585 deberemus,
1116 549 1280 580 felicitatem
1306 558 1452 589 nostram,
1487 560 1587 588 qua-m-

70 611 157 640 quam
185 603 322 638 brevem,
342 610 431 639 aeque
455 610 582 639 magnam
612 609 699 636 esse,
720 609 752 630 ac
782 601 809 629 si
834 609 945 638 semper
963 601 1099 630 duraret?

109 654 259 691 Epicure!
281 660 359 682 vetas
387 662 430 683 me
455 655 489 683 de
513 653 623 682 futuris
648 654 806 683 sollicitum
834 662 913 683 esse:
944 653 994 681 das
1027 653 1095 682 mihi
1119 654 1209 683 multa
1233 660 1402 691 praecepta,
1433 663 1505 691 quae
1530 663 1589 692 eo,

70 706 178 742 credo,
207 707 320 735 tendere
345 706 448 734 debent
481 712 514 734 ut
543 705 716 734 Divinitatis
740 705 907 741 Mor-usque
937 711 1043 733 metum
1077 705 1148 733 mihi
1180 705 1320 734 auferant.
1369 705 1444 735 Cum
1470 713 1519 735 tua
1553 706 1588 735 de

72 756 228 794 Religione
251 763 403 793 praecepta
427 756 531 793 audi03
556 762 705 793 praecepta
731 756 779 784 illa
806 764 879 791 quae
900 755 1112 786 Providentiam
1135 763 1162 785 et
1188 757 1432 786 Immortalitatem
1458 763 1562 793 negant
1572 777 1587 792 ‚›

69 815 220 846 praecepta
242 815 366 844 quorum
391 814 419 836 et
441 807 492 836 hac
518 814 608 836 aetate
627 813 671 836 tot
695 807 813 836 fuerunt
839 816 1016 844 praecones,
1039 810 1088 844 qui
1111 814 1138 836 et
1162 814 1210 837 tua
1236 808 1362 837 formula
1385 815 1501 838 utentes
1513 817 1585 838 cumv

71 860 114 890 nil
139 861 196 889 nisi
224 860 481 896 superstitionem,
508 860 717 895 fanatismum‚
745 859 956 896 praejudicatas
983 859 1160 896 opiniones,
1192 860 1322 896 vulgares
1345 868 1453 889 errores
1478 868 1508 888 se
1528 859 1587 889 tol*-

69 912 126 940 lere
150 912 337 947 simularent,
364 911 457 940 Deum
493 911 733 948 Religionemque
757 910 891 939 funditus
916 912 1007 939 delere
1040 911 1215 947 cupiebant:
1246 918 1315 940 tunc
1350 911 1490 948 cogitatio
1522 917 1589 940 non

70 964 155 1002 plura
179 973 195 992 a
218 970 246 992 te
269 963 409 1000 exigenda
432 971 496 992 esse
518 971 603 999 quarn
629 971 702 999 quae
726 969 870 999 praestare
892 962 1012 999 possis,
1033 970 1078 990 me
1106 962 1242 998 impedit,
1265 962 1421 998 quominus
1447 969 1582 998 praecep-

67 1021 98 1045 ta
125 1023 174 1045 tua
199 1015 234 1044 de
260 1015 413 1051 Religione
449 1015 606 1044 miserrima
627 1020 655 1043 et
683 1013 779 1043 inania
807 1013 912 1041 dIcam.
953 1013 1061 1041 Verum
1093 1021 1153 1042 non
1185 1013 1222 1041 ad
1254 1019 1332 1041 tuam
1367 1013 1584 1049 philosophiam

65 1074 197 1102 recurro,
228 1073 260 1094 ut
287 1065 391 1094 liberer
419 1071 495 1093 metu
529 1065 632 1094 mortis
665 1070 716 1093 aut
745 1063 930 1097 divinitatis,
958 1063 1007 1091 sed
1043 1069 1119 1091 metu
1145 1072 1229 1099 quem
1263 1064 1335 1092 mihi
1364 1064 1458 1101 injicit
1483 1063 1584 1093 futura·

65 1117 214 1147 felicitatis
242 1116 373 1145 amissio.
414 1116 518 1146 Metuo
542 1124 577 1144 ne
608 1115 772 1144 felicitatem
802 1114 951 1150 amittam,
973 1123 1033 1144 non
1054 1124 1105 1152 per
1129 1114 1260 1144 Mortem
1286 1115 1423 1152 Deosve,
1444 1115 1495 1144 sed
1518 1115 1583 1144 lon·

62 1176 98 1206 ge
123 1174 193 1198 ante
220 1167 346 1197 Mortem
374 1176 425 1204 per
455 1175 554 1196 casum
579 1175 663 1204 quem
701 1167 773 1196 mihi
803 1167 1011 1203 impendentem
1045 1175 1146 1203 meque
1179 1167 1261 1196 brevi
1294 1174 1468 1197 attacturum
1500 1167 1578 1197 scio.

61 1220 143 1259 Quid
175 1227 219 1249 me
253 1226 324 1248 tunc
359 1220 441 1256 juvat
473 1220 638 1255 paradoxon
671 1224 751 1247 tuum
770 1218 784 1247 ’ἒ
827 1218 980 1254 Relinquit
1008 1219 1079 1247 mihi
1104 1228 1217 1249 onmem
1241 1227 1362 1249 metum.
1415 1220 1525 1249 Contra
1554 1220 1581 1249 si

62 1271 135 1302 mihi
156 1279 325 1309 persuasum
356 1272 510 1306 haberem,
544 1271 594 1306 id,
628 1270 658 1299 in
684 1277 745 1306 quo
772 1269 935 1299 felicitatem
965 1271 1109 1306 posuisti,
1131 1279 1180 1306 ner
1203 1271 1350 1300 infinitum
1373 1277 1486 1307 tempus
1508 1271 1581 1300 mihi

63 1325 180 1360 adesse,
202 1323 263 1352 sine
292 1322 381 1351 dubio
410 1322 595 1358 tranquillior
617 1328 644 1349 et
669 1320 783 1349 felicior
809 1329 901 1349 essem
913 1330 926 1350 z?
944 1329 1038 1358 neque
1061 1328 1130 1350 tunc
1156 1329 1273 1357 possem
1293 1329 1353 1350 uon
1378 1322 1488 1350 credere
1510 1327 1585 1350 tern-

62 1375 142 1413 poris
174 1375 300 1411 spatium
336 1373 458 1403 multum
495 1375 529 1403 ad
560 1373 726 1403 felicitatem
758 1373 932 1402 conducere.
973 1372 1028 1401 Sed
1057 1379 1107 1401 tua
1142 1372 1331 1409 philosophia
1363 1373 1443 1402 nulla
1479 1379 1583 1401 contra.

63 1427 142 1456 hunc
158 1432 263 1455 metum
283 1425 403 1454 remedia
425 1425 556 1460 praebere
577 1430 696 1462 potest,
723 1430 752 1453 et
775 1431 926 1461 propterea
943 1425 998 1453 tibi
1019 1425 1054 1453 ad
1078 1424 1268 1453 salsissimum
1293 1424 1460 1461 paradoxon
1485 1429 1582 1452 recur-

60 1480 178 1509 rendum
206 1476 266 1506 fuit
287 1477 371 1514 (2).

98 1531 156 1560 Est
179 1529 236 1558 hoc
263 1527 346 1558 etiam
371 1526 494 1563 Epicuri
521 1527 554 1556 de
584 1526 732 1556 Felicitate
758 1527 887 1563 dogma,
915 1535 975 1556 eam
1009 1526 1105 1564 augeri
1129 1534 1190 1556 non
1212 1534 1321 1563 posse,
1353 1526 1453 1556 variari
1476 1525 1581 1555 distin·

62 1584 171 1622 gaique
192 1589 291 1619 posse.
333 1581 441 1610 Nonne
466 1581 551 1610 etiam
577 1581 633 1611 hoc
667 1581 742 1611 loco·
759 1580 890 1616 Epicuro
919 1578 949 1607 id
981 1578 1070 1615 objici
1103 1583 1202 1615 potest
1228 1578 1307 1614 quod
1331 1586 1419 1614 supra
1443 1578 1476 1606 de
1498 1577 1583 1606 indo-

61 1634 150 1664 lentia
169 1634 292 1662 vidimus
304 1653 319 1669 ,Α
347 1633 435 1662 verba
463 1633 574 1662 scilicet
598 1633 752 1670 ambigua,
779 1640 872 1669 vaga,
902 1630 1032 1660 incerta?
1081 1629 1263 1669 Quamquam
1295 1630 1320 1658 si
1344 1629 1408 1665 quis
1435 1628 1491 1658 tale
1509 1627 1583 1664 quid

65 1686 212 1716 enuntiare
238 1685 303 1714 vult
319 1705 330 1720 ‚
352 1684 432 1720 quod
457 1685 532 1713 clare
557 1684 678 1721 intelligi
705 1685 829 1720 nequit,
849 1681 1003 1717 prudenter
1033 1681 1106 1710 illud
1129 1680 1263 1709 obscuris
1287 1680 1381 1708 verbis
1403 1678 1541 1708 involvit.

105 1739 172 1774 Ipsa
200 1737 248 1765 illa
271 1735 393 1766 variatio
419 1735 507 1765 variis
536 1736 779 1773 explicationibus
810 1743 905 1764 ansam
929 1735 1055 1771 praebet.
1095 1735 1171 1763 Non-
1189 1733 1307 1762 affirmo.
1355 1733 1409 1761 Sed
1428 1740 1497 1761 num
1523 1732 1581 1760 hoc

65 1789 189 1820 fortasse
225 1789 333 1818 subtile
370 1789 512 1825 quoddam
539 1795 614 1818 esset
641 1788 884 1826 subtersugium,
910 1786 939 1815 in
967 1793 1026 1822 quo
1053 1786 1164 1814 haerere
1189 1791 1289 1822 posset
1316 1784 1484 1821 Epicurus,
1513 1789 1580 1811 cum

1557 1841 1589 1861 ex-

99 1904 115 1937 <
130 1905 169 1938 1)
192 1906 247 1932 rm.
267 1905 301 1931 11.
321 1911 362 1936 27.
502 1903 561 1940 (ε)
582 1904 627 1931 Cf.
646 1905 705 1931 Cic.
723 1905 800 1932 Tuzc.
819 1905 842 1932 1.
858 1911 902 1932 21.
920 1909 985 1937 quae
1000 1909 1024 1928 et
1043 1903 1070 1928 iu
1084 1902 1252 1928 recentiorum
1272 1900 1484 1933 pbilosophorum
1507 1897 1583 1924 admi.

65 1957 157 1978 mores
176 1953 304 1978 veiiscime
326 1951 393 1975 dicta
415 1950 554 1976 videantur.
