1946 2517
400 190 716 222 COMMENTATIO
737 200 771 221 IN
791 185 1092 230 QUAESTIONEM
1114 193 1331 224 PHYSICAM.
1603 200 1625 230 7²

107 287 164 310 tem
187 278 328 312 Loostus,
349 275 455 305 artifex
478 275 507 304 in
529 283 603 311 pago
625 274 778 312 Budingen
802 283 892 310 prope
919 276 1151 314 ancofitrtum
1179 276 1221 306 ad
1243 278 1403 312 Moenum,
1431 283 1495 304 eum
1519 275 1622 312 redigit

109 329 298 362 distillatione
322 329 430 363 toties,
451 334 592 363 quantum
620 334 695 362 opus
716 333 777 361 est,
800 325 917 361 repetita
938 328 980 364 (1
996 329 1024 364 ),

148 391 177 419 3.
205 381 239 410 In
262 381 392 418 eligendo
411 388 510 417 genere
529 380 619 416 ligni,
639 387 672 407 ex
689 387 748 415 quo
767 379 862 414 scala,
885 385 934 406 aut
951 380 1060 415 pyxis,
1084 387 1133 409 aut
1158 388 1221 409 arca
1248 379 1422 415 conficitur,
1445 377 1517 406 illud
1542 385 1620 413 prae-

110 432 180 463 ferri
199 433 303 469 debet,
336 432 417 468 quod
436 431 622 460 durissimum
649 436 714 465 est,
737 429 874 465 quodque
892 429 1008 458 minime
1025 431 1178 466 dilatatur,
1210 437 1236 459 et
1262 431 1371 467 optime
1396 428 1559 457 humiditati
1578 435 1622 454 re-

107 486 209 515 sistere
225 491 333 521 potest.
375 483 444 512 Non
464 491 574 518 semper
592 482 664 511 idem
681 488 849 518 usurpatum
868 488 924 510 est.
966 481 1117 518 Ludolfius
1139 483 1154 519 (
1165 483 1206 519 2)
1228 488 1254 510 et
1271 482 1317 511 Dc
1340 482 1451 510 Lucius
1470 480 1623 515 abiegnum

106 537 240 574 lignum,
267 534 559 567 Musschcnbcockius
583 535 702 563 ebenum
729 541 916 570 sumserunt3
947 535 1098 571 hodierni,
1119 537 1284 572 praesertim
1310 537 1340 565 in
1367 536 1481 573 Anglia
1501 542 1528 563 et
1548 533 1623 562 Ger-

105 592 229 626 mania,
250 595 372 619 utuntur
389 588 510 616 multum
534 588 614 625 ligno
632 588 804 624 magahonio
824 589 840 625 (
854 589 917 624 3),
942 588 1063 617 Loosius
1083 594 1176 616 tamen
1204 588 1318 618 videtur
1339 587 1479 625 praeferre
1506 585 1620 623 lignum

105 642 258 679 pirorum,
280 641 328 670 cui
346 645 411 669 ante
426 638 531 669 demsit
561 639 590 668 in
612 640 711 669 balneo
732 640 847 676 vaporis
870 641 983 669 acidum
1000 640 1262 677 pyro-lignosum.

812 718 853 754 ὃν
884 726 910 754 3·

788 794 839 823 'De
859 795 936 824 tubo.

142 871 233 901 Nunc
255 872 387 901 videatur
405 870 555 907 quomodo
572 862 606 899 ex
626 870 673 899 his
701 871 827 901 materiis
850 871 981 901 construi
1007 871 1107 900 debeat
1125 871 1332 901 barometrum.
1381 871 1507 900 Primum
1535 869 1622 906 igitur

102 929 236 954 sumatur
264 924 355 953 tubus
380 923 491 953 vitreus
512 923 584 952 bene
607 923 742 960 politus,
761 924 904 953 crassitiei
927 932 987 953 non
1007 923 1093 952 nimis
1115 923 1248 959 exiguae,
1270 932 1305 952 ne
1322 923 1352 952 in
1378 922 1529 951 itineribus
1546 919 1623 949 forte

101 975 299 1006 vehementius
328 983 484 1012 quassatus
516 980 686 1011 rumpatur,
717 983 813 1012 neque
844 975 929 1004 etiam
955 975 1041 1004 nimis
1067 983 1204 1011 magnae,
1232 975 1301 1010 quia
1326 981 1386 1003 tum
1414 975 1444 1002 in
1470 971 1623 1008 coquendo

101 1027 192 1056 tubus
212 1016 400 1063 inaequalster
420 1027 574 1062 dilatatur,
595 1033 684 1063 atque
708 1027 774 1056 inde
791 1027 956 1064 frangitur:
979 1027 1012 1055 de
1027 1027 1107 1064 justa
1128 1033 1220 1055 tamen
1239 1027 1302 1064 ejus
1321 1025 1451 1054 crassitie
1470 1024 1549 1064 valde
1565 1022 1625 1050 dis·

102 1078 206 1107 sentire
226 1078 381 1112 videntur,
402 1079 454 1113 qui
478 1078 640 1106 barometro
659 1079 834 1115 perficiendo
858 1087 973 1116 operam
999 1079 1150 1107 dederunt.
1191 1078 1239 1106 Dc
1259 1079 1389 1113 Lucius,
1412 1085 1456 1105 ex.
1476 1085 1539 1113 gr.,
1560 1081 1622 1103 eam

101 1129 270 1158 determinat
291 1127 410 1157 dimidia
439 1129 512 1157 linea
535 1129 660 1165 gallica,
682 1129 837 1159 Gclzlcrius
860 1130 927 1167 (4)
956 1129 1041 1158 tertia
1067 1129 1128 1166 ejus
1155 1135 1255 1165 parte,
1287 1126 1499 1166 Englefieldius
1520 1132 1625 1155 contra

103 1180 247 1210 recentius
267 1179 375 1209 decima
398 1179 517 1216 pollicis
541 1181 657 1217 Anglici
682 1189 779 1217 parte,
807 1181 828 1210 i.
846 1188 872 1211 e.
893 1168 1007 1210 circiter
1027 1183 1060 1218 1}
1080 1180 1154 1209 linea
1178 1180 1292 1217 gallica.

142 1233 210 1268 Ipsa
233 1239 350 1267 quoque
370 1230 514 1259 interioris
531 1231 594 1259 tubi
615 1232 745 1260 diametri
763 1233 916 1269 longitudo
937 1233 1022 1261 certis
1053 1232 1160 1261 finibus
1179 1231 1399 1268 circumscripta
1415 1237 1478 1260 est:
1501 1229 1525 1258 si
1544 1228 1619 1257 enim

102 1283 185 1322 iusto
201 1283 293 1320 major
308 1288 372 1318 est,
391 1281 477 1310 nimis
493 1290 594 1319 magna
611 1283 716 1319 pyxide
740 1292 817 1320 opus
835 1284 890 1312 erit
908 1284 943 1313 ad
961 1284 1168 1313 continendum
1194 1292 1307 1312 omnem
1327 1283 1407 1312 illum
1427 1280 1596 1310 mercurium
1608 1299 1620 1315 ‚

105 1335 156 1372 qui
172 1335 313 1364 diminuta
329 1334 403 1363 aeris
422 1334 570 1370 pressione
585 1343 600 1363 e
615 1335 688 1363 tubo
707 1335 736 1364 in
751 1336 883 1373 pyxidem
904 1336 1076 1365 descendet:
1098 1335 1142 1364 sin
1159 1335 1310 1371 angustior
1328 1341 1371 1363 est
1387 1334 1495 1368 tubus,
1511 1339 1623 1361 mercu-

103 1382 165 1415 rius
185 1386 213 1414 in
229 1394 263 1414 eo
281 1385 363 1414 valde
379 1385 574 1422 deprimetur,
594 1386 645 1422 qui
668 1385 810 1423 effectus,
832 1389 900 1424 quia
918 1389 1072 1425 praecipue
1086 1389 1115 1418 in
1134 1389 1213 1419 tubis
1231 1396 1286 1417 tam
1306 1388 1438 1425 angustis
1455 1388 1551 1415 locum
1571 1386 1621 1415 ha-

106 1436 176 1473 bet,
202 1444 234 1465 ut
258 1445 356 1466 eorum
378 1438 513 1466 diameter
535 1437 592 1465 fere
617 1439 651 1466 ad
677 1438 842 1468 tenuitatem
873 1441 973 1477 capilli
1002 1441 1136 1476 accedat,
1165 1440 1355 1479 capillaritas
1380 1438 1504 1468 dicitur:
1534 1437 1620 1474 cujus

103 1489 315 1527 phaenomeni‚
345 1490 399 1526 jam
425 1496 490 1518 ante
510 1488 557 1518 Dc
577 1489 705 1519 Lucium
735 1490 905 1526 observati,
934 1492 984 1520 sed
1007 1493 1079 1520 male
1101 1491 1256 1527 explicati,
1285 1490 1331 1518 hic
1353 1490 1417 1527 (5)
1444 1489 1554 1525 primus
1574 1497 1622 1517 ve-

106 1548 164 1569 ram
189 1548 303 1569 causam
335 1540 495 1576 indicavit,
525 1540 639 1568 scilicet
666 1541 726 1569 vim
753 1542 960 1578 attrahentem,
988 1551 1072 1579 quam
1099 1543 1219 1578 parietes
1247 1542 1372 1571 internae
1398 1541 1429 1570 in
1452 1540 1622 1569 mercurium

108 1598 243 1621 exserunt
255 1611 266 1627 ,
287 1592 432 1628 cujusque
447 1590 567 1619 effectus
587 1592 698 1620 demum
720 1592 750 1621 in
767 1593 804 1622 iis
821 1593 901 1623 tubis
920 1593 979 1623 fere
995 1595 1095 1624 nullus
1114 1601 1179 1631 est,
1202 1602 1325 1631 quorum
1348 1593 1465 1622 interior
1489 1592 1623 1621 diameter

106 1642 197 1680 maior
217 1648 262 1671 est
280 1642 396 1671 duobus
417 1642 596 1671 centimetris
617 1642 699 1680 (6).

1567 1692 1622 1722 Sed

132 1775 186 1803 (ι)
205 1775 275 1800 conf.
298 1781 511 1799 nunninae
521 1792 529 1805 ,
542 1775 708 1803 Besehnibung
722 1775 782 1797 eines
801 1777 919 1805 einfaehcn
935 1776 1182 1806 Rene-Burameters‚
1197 1784 1242 1802 cet.
1259 1784 1277 1802 ς,
1293 1783 1307 1806 9
1322 1783 1344 1801 et
1360 1783 1416 1805 ¹09³
1439 1781 1528 1803 uo’r,
1543 1774 1623 1797 Prms

103 1816 256 1839 Ele-antam
270 1817 296 1838 de
315 1817 439 1846 Phyn'que,
459 1819 488 1841 Τ.
502 1819 521 1839 1.
544 1825 567 1845 p.
587 1818 644 1844 ¹563
664 1820 823 1842 σιιυκιιτή
839 1819 942 1840 Annalem
956 1818 998 1839 der
1012 1819 1112 1848 Physik,
1128 1821 1191 1844 1812.
1207 1820 1233 1842 Β.
1248 1827 1286 1849 ⁴2·
1305 1823 1338 1844 St.
1353 1825 1376 1841 2.
1398 1824 1417 1842 s.
1433 1824 1482 1847 597·

134 1858 188 1886 (2)
209 1859 277 1881 sons.
301 1864 470 1887 nunnae»,
493 1859 623 1880 Gesehe‘chre
639 1859 678 1880 der
693 1859 793 1888 Plrysik,
819 1861 844 1884 Τ,
860 1862 877 1883 1.
898 1868 922 1889 p.
937 1866 988 1888 εις,

135 1899 188 1927 (3)
210 1900 278 1922 conf.
303 1905 383 1922 cii-n.
397 1916 404 1926 ,
424 1900 484 1922 Arm,
503 1902 554 1923 1811
588 1901 613 1922 B.
629 1902 664 1926 38.
686 1902 717 1924 St.
733 1906 753 1926 s.
775 1908 793 1925 ι.
808 1907 859 1929 2⁵5·

132 1939 184 1967 (⁴)
206 1940 273 1962 cons.
289 1939 339 1965 ejus
354 1940 530 1966 Physikaltsches
542 1941 708 1969 Wa‘mrhucb,
729 1943 752 1964 h.
769 1949 792 1965 v.

133 1981 186 2008 (5)
209 1980 277 2001 Rich.
298 1980 317 2004 S-
334 1982 369 2005 38·
390 1986 412 2002 et
427 1987 492 2008 neqq.

133 2019 184 2048 (⁶)
206 2021 275 2043 cons.
292 2021 321 2042 de
337 2022 381 2044 hoc
397 2027 527 2048 argumento
549 2028 642 2052 aio-r,
664 2023 744 2047 Troice
760 2024 817 2049 Gln,
839 2025 868 2050 τ.
883 2026 902 2051 1.
922 2033 946 2056 p.
962 2025 1102 2055 437-4663
1122 2030 1142 2049 s.
1164 2029 1304 2049 suun·
1325 2028 1388 2047 van
1407 2028 1468 2047 nan
1489 2028 1562 2046 nx.
1585 2021 1626 2042 ln·

104 2060 237 2083 nitun'ones
252 2061 376 2091 Phyricae,
398 2062 418 2091 s.
431 2063 472 2089 ³⁶5
489 2069 511 2086 et
527 2069 590 2092 seqq.
