1946 2517
406 163 721 195 COMMENTATIO
743 173 778 193 m
799 163 1097 203 QUAESTIONEM
1117 164 1324 195 MEDICAM.
1600 173 1636 203 33

122 250 210 280 bralia
226 270 236 285 ‚
258 248 374 285 quando
401 249 560 277 commotio
578 248 707 282 obtinet,
729 247 899 283 impeditum
923 247 1084 283 probatque
1109 236 1217 284 porro,
1250 247 1416 283 sanguinem
1438 247 1504 276 hinc
1530 249 1632 285 majori

121 303 205 338 copia
233 301 393 329 ducendum
412 308 475 330 esse
498 308 547 336 per
566 307 675 328 aortam
696 299 909 327 descendentem
923 319 933 334 ,
955 305 982 327 et
1012 299 1078 328 hinc
1105 300 1361 328 accumulationem
1381 305 1407 326 et
1424 299 1632 335 stagnationem

118 354 150 383 in
167 352 268 382 arteria
287 351 416 387 hepatica
437 351 505 380 oriri
529 351 611 387 (a).

158 407 187 441 5.
209 404 237 432 8.
279 403 440 431 Secundum
474 400 662 436 Richeraml‚
684 400 877 436 phaenomena
902 402 935 429 de
958 401 1063 437 quibus
1086 410 1177 431 sermo
1206 409 1251 432 est
1277 411 1389 438 semper
1408 412 1426 431 a
1445 403 1628 430 commotione

119 455 242 492 pendere
259 453 394 482 videntur
409 475 420 490 ‚
438 454 613 482 Bricheteau
635 460 701 480 vero
722 451 810 488 dicit,
835 460 947 480 causam
977 452 1132 488 aliquando
1163 459 1273 482 tantum
1297 455 1329 482 in
1359 454 1415 482 illa
1443 454 1629 488 quaerendam

118 514 181 540 esse
203 505 281 542 (b).
315 504 455 533 Dessault
475 512 574 532 rursus
604 503 782 539 hypotheses
808 512 823 531 a
845 503 1006 532 Bam-andi
1027 510 1054 532 et
1074 505 1206 533 Pouteau
1232 505 1329 533 allatas
1361 504 1476 541 reiicit3
1507 503 1632 533 admittit

117 557 232 593 quidem
252 563 425 584 consensum
457 560 664 590 memoratum,
697 554 746 582 sed
771 554 854 583 illum
880 555 1060 592 incognitum
1088 556 1177 591 dicit,
1209 564 1379 591 quamquam
1410 556 1508 584 habeat
1534 562 1628 592 syste—

116 616 162 637 ma
182 614 335 636 nervosum
360 613 412 641 pro
436 605 677 642 principe-hujus
699 606 971 635 communicationis
989 614 1088 643 agente
1111 606 1194 643 (c);
1218 615 1340 642 quacum
1362 607 1501 635 sententia
1526 606 1632 635 Por-tal

116 667 144 689 et
167 659 284 694 Larrcy
311 657 463 686 convenire
489 656 621 685 videntur
645 656 735 694 (d);
757 657 878 692 Mam,
903 666 970 686 vero
999 658 1111 693 credit,
1136 657 1200 686 illas
1229 658 1340 693 hepatis
1367 658 1530 687 affectiones
1554 666 1631 693 sym-

114 710 228 747 pathice
248 708 316 738 oriri
339 716 373 736 ex
403 707 625 737 inflammatione
650 707 877 737 membranarum
903 707 1073 738 fibrosarum
1103 709 1181 746 (e).
1223 708 1279 737 Sed
1305 710 1447 745 quidquid
1471 710 1528 744 sit,
1553 709 1634 737 suffi-

115 763 173 790 ciat
191 760 276 790 nobis
293 759 474 788 alterationes
496 759 558 788 illas
577 760 688 795 hepatis
709 767 742 787 ex
761 759 878 788 inflictis
905 760 1074 789 vulneribus
1093 760 1204 795 cranii,
1225 766 1253 788 et
1271 760 1441 789 reactionern
1466 761 1576 789 illarum
1601 761 1630 789 in

114 813 183 842 haec
209 819 403 848 cognoscere,
426 817 452 839 et
471 819 525 847 pro
547 810 633 840 variis
662 809 948 847 modificationibus,
971 819 1043 847 quae
1070 811 1134 840 inde
1162 811 1192 840 in
1224 812 1389 842 morborum
1419 812 1540 840 decursu
1563 821 1629 847 pro-

113 865 280 898 ducuntur,
300 862 410 891 varium
436 862 568 891 adhibere
587 861 706 891 curandi
732 861 898 890 methodum
921 862 999 899 (f).
1016 887 1020 891 .

164 916 191 951 §.
213 923 243 950 9.
284 915 370 942 Alius
401 921 562 942 consensus
589 921 604 941 a
627 913 764 941 Krimero
792 911 858 941 fuse
880 912 1030 949 indagatus
1054 919 1116 950 est;
1144 913 1192 943 ille
1218 914 1348 949 scilicet,
1380 915 1431 950 qui
1461 915 1629 943 observatur

112 965 186 995 inter
201 965 288 1001 hepar
312 970 340 992 et
356 972 487 1000 organon
503 964 620 993 auditus
641 965 656 1000 (
663 972 686 1001 g
697 963 723 1000 ).

152 1015 257 1045 Adfert
288 1020 391 1044 auctor
425 1015 554 1051 quinque
586 1014 826 1050 observationes,
855 1016 962 1052 quibus
988 1017 1150 1053 probatur,
1180 1019 1260 1053 quod
1289 1018 1318 1046 in
1350 1016 1484 1046 morbosa
1516 1017 1626 1053 hepatis

115 1067 286 1102 affectione,
313 1066 374 1103 pati
404 1067 487 1095 etiam
515 1066 611 1102 possit
639 1066 754 1095 auditus
782 1075 922 1103 organon.
964 1067 1085 1103 Refert,
1106 1068 1180 1097 inter
1202 1069 1275 1104 alia,
1297 1077 1394 1097 casum
1424 1069 1473 1096 ubi
1500 1067 1625 1097 foemina

113 1127 150 1156 52
168 1126 307 1147 annorum
319 1137 329 1153 ,
343 1117 456 1153 aliquot
472 1116 662 1146 hebdomades
678 1124 748 1154 post
764 1118 875 1154 hepatis
899 1118 1078 1148 affectionem
1096 1120 1176 1155 queri
1195 1120 1350 1156 incipiebat
1366 1120 1399 1148 de
1414 1119 1494 1155 gravi
1516 1120 1624 1149 auditu.

112 1169 160 1199 Ex
183 1169 329 1197 cadaveris
356 1168 483 1197 sectione
508 1169 645 1205 patebat,
673 1169 759 1204 hepar
782 1169 812 1198 in
841 1169 936 1198 minus
971 1171 1105 1200 volumen
1148 1170 1240 1200 fuisse
1268 1171 1436 1205 redactum,
1465 1171 1623 1199 tuberculis

109 1220 338 1256 circumscriptis
360 1221 497 1256 plenum,
519 1228 595 1256 pone
611 1227 766 1248 nervorum
790 1219 1022 1249 distributionem
1044 1221 1133 1258 sitis3
1156 1222 1185 1251 in
1210 1229 1317 1259 organo
1342 1221 1458 1250 auditus
1479 1222 1520 1250 nil
1543 1231 1624 1258 prae-

110 1272 283 1299 ternaturale
303 1271 528 1300 observabatur:
551 1270 645 1300 sedin
661 1270 717 1299 alio
734 1278 804 1300 casu
823 1271 872 1300 ubi
890 1272 986 1301 eadem
1006 1272 1233 1303 observabantur
1251 1273 1307 1302 hoc
1331 1281 1459 1310 organon
1489 1274 1623 1303 morbose

106 1320 164 1349 fuit
188 1321 342 1357 affectum,
366 1322 481 1350 cerebro
501 1322 612 1351 illaeso.

145 1359 193 1387 Ex
220 1359 471 1388 observationibus
503 1369 518 1389 a
544 1360 695 1389 nominato
716 1346 833 1389 auctore
861 1361 977 1397 allatis,
1009 1361 1095 1397 sequi
1122 1361 1254 1398 videtur,
1283 1363 1363 1399 quod
1396 1362 1516 1392 intimus
1547 1364 1621 1392 adsit

105 1417 196 1438 nexus
220 1410 292 1438 inter
311 1411 398 1447 hepar
417 1417 445 1439 et
467 1419 595 1447 organon
621 1412 757 1446 auditus,
781 1411 916 1447 quodque
942 1413 1014 1440 ratio
1034 1414 1196 1447 quaerenda
1220 1414 1259 1441 sit
1286 1414 1316 1442 in
1338 1415 1620 1450 communicatione,

108 1468 194 1496 quam
222 1469 326 1489 nervus
346 1469 436 1497 vagus
451 1481 461 1496 ‚
484 1461 534 1496 qui
557 1469 651 1490 ramos
678 1462 831 1497 praecipue
851 1461 945 1497 hepati
966 1463 1035 1498 dat,
1056 1471 1123 1492 cum
1147 1471 1236 1492 nervo
1261 1464 1404 1493 auditorio
1423 1464 1507 1493 habet
1528 1466 1617 1502 (h),

105 1517 133 1539 et
154 1511 317 1540 verosimile
349 1512 415 1540 hinc
440 1511 575 1546 videtur,
606 1513 702 1548 quod,
736 1513 773 1540 ob
798 1512 960 1542 affinitatem
991 1514 1095 1543 horum
1122 1522 1298 1551 nervorum,
1320 1515 1344 1544 si
1370 1523 1459 1544 unum
1492 1524 1619 1553 organon

103 1562 251 1598 patiatur,
273 1563 356 1591 etiam
377 1563 498 1590 alterum
527 1561 685 1597 alliciatur,
708 1569 735 1590 et
753 1563 818 1592 vice
842 1572 937 1593 versa.

132 1614 173 1657 ῖς.
197 1621 243 1643 10.
284 1613 318 1645 In
341 1613 417 1643 vivis
446 1613 618 1642 animalibus
651 1613 735 1643 etiam
771 1621 854 1652 capta
888 1621 957 1645 sunt
986 1617 1200 1654 experimenta,
1230 1625 1302 1655 quae
1335 1619 1412 1648 hunc
1443 1626 1617 1648 consensum

1556 1677 1621 1706 pro-

131 1746 184 1775 (α)
204 1748 241 1770 Cf.
265 1749 362 1769 Pouteau
380 1746 434 1768 Mel.
451 1746 475 1766 de
493 1746 558 1768 Cht'r.
580 1753 602 1774 p.
619 1747 668 1770 ¹28·

132 1790 183 1818 (h)
206 1790 244 1812 cr.
261 1789 347 1810 Londcu
363 1788 447 1811 Medic.
465 1789 593 1816 Reposmry
615 1790 643 1811 N.
659 1789 778 1817 287..v01.
795 1794 831 1815 ις.
853 1791 881 1813 Δ.
895 1791 958 1813 ¹821.

131 1833 175 1857 (cl
199 1831 236 1852 Cf,
255 1830 354 1850 Dmanlt
372 1829 437 1852 Libr.
453 1830 496 1852 eil.
727 1831 840 1860 (d),cf‚
859 1832 929 1855 Dice,
953 1830 989 1852 du
1006 1830 1092 1854 Scr'enc.

132 1870 180 1897 (e)
203 1870 240 1892 Cf.
256 1870 320 1892 Dice.
337 1870 373 1890 des
397 1871 480 1893 Scitne.
497 1871 557 1894 Med.
580 1873 605 1895 Τ,
621 1877 642 1897 ³·
664 1879 688 1900 p.
703 1877 754 1898 130,

133 1910 178 1937 (s)
201 1911 237 1934 cf.
256 1917 296 1930 ran
315 1912 401 1937 Home,
423 1912 551 1933 Ondcrzoek
570 1913 699 1939 aangaande
715 1913 740 1933 dc
754 1913 855 1937 Omstek.
871 1913 912 1935 ‹lcr
927 1914 1101 1938 Ilertenvh‘ezen
1116 1913 1135 1942 5,
1150 1919 1187 1942 4⁵·

133 1952 180 1980 (E)
203 1953 238 1975 Cs-
254 1952 358 1977 Krr'mar,
375 1952 473 1978 Pltyslvl.
491 1954 622 1978 Unturrnclu
642 1963 664 1983 p.
681 1961 732 1982 249.

130 1992 164 2021 (h
172 1992 186 2021 )
207 1993 243 2015 cr.
262 1992 350 2015 Mutet
366 1993 454 2017 aarum.
470 1993 492 2018 d.
508 1986 544 2019 M}
559 1996 604 2018 An,
628 1996 653 2020 Β,
668 2002 689 2023 ³,
713 2003 736 2024 p.
749 1995 802 2023 ⁴⁵6.

925 2037 953 2070 E
