1946 2517
578 164 1145 198 ANNOTATIO.
1571 174 1613 206 49'

289 246 568 282 rius-inquirendam
593 254 656 275 esse
680 253 801 284 negant:
830 249 876 277 vel
898 249 1019 285 denique
1042 253 1192 286 quotquot
1216 249 1362 285 obscuro,
1391 249 1490 278 nescio
1514 258 1595 285 quo,

287 307 376 328 sensu
399 299 466 327 duci
495 307 525 327 se
556 298 716 335 patientes,
756 299 885 328 sobrium
917 300 1020 336 pariter
1044 308 1072 330 et
1104 301 1247 330 liberalem
1278 300 1414 332 Rationis
1445 308 1528 329 usum
1558 309 1604 329 re·

287 356 409 387 spuunt.

317 401 380 437 Jam
399 409 489 436 vero,
512 401 642 437 quamvis
666 400 700 429 ab
722 401 777 430 hoc
797 402 864 431 loco
882 402 1004 432 alienum
1027 404 1172 440 videatur,
1194 404 1228 432 de
1255 403 1380 440 singulis
1406 403 1508 438 hisce,
1530 410 1601 438 quae

290 452 413 482 breviter
433 458 461 480 et
485 453 647 480 summatim
667 453 817 488 recensui,
838 461 963 482 errorum
981 455 1131 490 generibus
1147 456 1211 484 data
1227 463 1311 491 opera
1329 461 1356 483 et
1373 454 1412 483 ita
1429 455 1522 483 dicere
1534 473 1545 489 ,
1567 461 1598 482 ut

287 509 343 531 tam
361 502 532 538 historicae,
556 511 639 538 quam
657 503 847 539 philosophae
862 505 1060 541 cognitionis,
1083 512 1109 533 et
1127 507 1279 542 utriusque
1298 505 1328 534 in
1346 505 1520 541 Theologiae
1538 513 1600 532 sru-

285 554 334 582 dio
359 554 592 590 conjungendae,
618 554 817 584 necessitatem
838 561 938 584 contra
961 563 991 585 ea
1017 556 1164 585 subtiliter
1181 558 1321 585 adsertum
1341 564 1420 591 eam,
1444 563 1598 591 quaeres,

289 601 429 640 siquidem
449 613 500 640 pro
517 605 676 641 argumenti
698 606 837 642 gravitate
852 613 879 634 et
897 613 1043 636 momento
1062 613 1248 642 tractaretur,
1269 615 1329 635 non
1351 613 1436 634 unam
1453 607 1602 634 alteramve

285 655 452 691 plagulam,
480 656 531 684 sed
558 656 603 684 vel
627 656 701 693 J‘usti
729 657 886 686 voluminis
911 658 1134 695 disputationem
1156 659 1329 694 requireret:
1360 664 1454 686 tamen
1481 655 1606 685 fortasse

284 706 336 735 abs
359 714 389 734 re
411 715 470 735 non
494 706 581 735 fuerit
594 727 604 742 ,
626 714 735 743 praeter
754 715 804 743 ea,
827 716 899 743 quae
923 709 953 737 in
972 709 1109 738 Oratione
1128 710 1205 738 dicta
1223 715 1312 743 sunt,
1334 717 1368 737 ex
1386 717 1442 737 una
1456 714 1534 744 parte
1552 709 1603 736 ob-

286 764 417 786 servasse
430 778 441 792 ,
462 757 617 786 manifesto
633 766 683 787 eos
699 759 730 787 in
743 766 835 787 errore
852 760 973 795 versari,
995 766 1023 788 et
1035 760 1216 790 Christianae
1237 759 1384 795 religionis
1405 767 1497 788 veram
1520 759 1601 788 indo-

285 808 340 836 lem
369 817 489 844 prorsus
515 809 653 845 migrare,
674 811 703 838 in
728 810 849 845 ejusque
863 819 949 838 venas
969 811 1051 846 quasi
1065 817 1093 839 et
1110 811 1216 840 viscera
1235 810 1377 847 grassari,
1399 810 1450 846 qui
1466 810 1537 838 nihil
1555 810 1604 838 Fi-

287 858 351 894 dei,
375 859 469 887 omnia
486 859 606 888 Rationi
623 860 775 896 tribuunt,
799 870 873 896 quos
889 870 942 898 ego
960 861 1090 891 homines
1116 862 1199 890 velim
1219 870 1314 890 secum
1338 866 1487 897 reputare,
1508 861 1603 897 quod,

286 910 341 938 etsi
359 918 394 938 ex
421 918 487 938 vero
505 910 619 945 dicant,
641 910 737 939 omnia
762 912 894 947 tandem,
924 921 995 948 quae
1015 922 1080 942 vera
1099 913 1179 948 sint,
1209 913 1244 941 ad
1267 911 1416 940 Rationem
1435 912 1546 946 redire,
1567 920 1601 940 ex

287 959 414 989 Ratione
442 961 504 989 erui
532 961 695 989 necessario
718 970 826 998 posse,
848 962 972 993 Ratione
994 965 1117 1000 denique
1139 963 1304 998 contineri,
1325 963 1391 992 inde
1409 970 1502 990 tamen
1519 963 1604 991 mini-

286 1019 333 1040 me
358 1011 519 1047 consequi,
539 1020 594 1040 nos
617 1013 826 1041 homunciones
842 1022 873 1042 ea
891 1015 1064 1055 omniabjam
1081 1015 1199 1052 proprio
1219 1021 1306 1043 marte
1322 1014 1351 1042 in
1368 1020 1483 1042 nostrae
1499 1013 1606 1042 intelli-

288 1062 400 1099 gentiae
414 1070 490 1098 penu
509 1062 635 1091 invenire
652 1071 761 1099 posse,
776 1065 820 1092 vel
839 1066 928 1100 adeo,
950 1072 1103 1101 postquam
1122 1065 1276 1094 nobiscum
1293 1066 1503 1096 communicata
1521 1065 1601 1100 sint,

286 1120 381 1141 veram
409 1120 507 1141 eorum
536 1112 695 1149 rationem,
716 1121 763 1148 et,
785 1123 870 1150 quam
892 1123 1018 1151 vocant,
1039 1116 1178 1145 internam
1196 1117 1417 1152 possibilitatem
1439 1116 1521 1151 plane
1540 1123 1603 1151 per-

287 1163 419 1199 spicere,
439 1170 466 1191 et
481 1169 612 1191 accurate
627 1163 784 1201 dijudicare
802 1173 890 1202 posse
908 1167 1011 1195 nedum
1030 1168 1064 1195 de
1086 1167 1121 1195 iis
1141 1173 1275 1203 tanquam
1298 1175 1330 1196 ex
1349 1166 1460 1203 tripode
1475 1174 1604 1202 pronun-

289 1214 381 1243 ciare:
403 1222 467 1242 nam
488 1213 561 1242 idern
587 1214 673 1243 nobis
700 1216 825 1245 accidere
838 1225 927 1252 posse
942 1218 972 1247 in
987 1218 1104 1255 negot10
1123 1218 1287 1254 religionis,
1311 1218 1454 1253 imprimis
1471 1217 1500 1245 in
1516 1217 1605 1245 sse'oili

285 1263 340 1292 hac
353 1284 364 1299 ,
380 1264 408 1293 in
425 1272 481 1301 qua
498 1273 598 1294 omnes
614 1275 773 1304 versamur,
789 1270 938 1298 communi
952 1270 1112 1299 vitiositate
1122 1277 1150 1298 et
1166 1268 1389 1305 depravatione,
1411 1268 1490 1304 quod
1505 1268 1602 1304 pueriS

289 1323 318 1346 et
335 1315 461 1345 indoctis
480 1316 664 1354 hominibus,
688 1321 760 1356 qui,
784 1328 858 1357 quae
874 1322 1073 1351 sublimiorum
1093 1320 1311 1357 disciplinarum
1331 1319 1415 1356 periti
1435 1318 1602 1354 verissima,

287 1367 349 1395 imo
369 1376 436 1396 vero
454 1368 537 1404 plane
557 1371 715 1399 necessaria
732 1380 815 1407 esse,
835 1381 945 1402 norunt
963 1379 1084 1410 etrextra
1107 1379 1220 1400 omnem
1236 1370 1426 1400 dubitationis
1445 1370 1532 1397 aleam
1553 1378 1607 1405 po-

291 1417 348 1446 sita
376 1419 564 1456 existimant,
585 1429 621 1450 ne
646 1422 804 1459 intelligere
823 1424 958 1460 quidem,
981 1424 1086 1453 nedum
1109 1423 1239 1460 iudicare
1261 1422 1388 1458 possint.
1427 1420 1507 1450 Novi
1524 1419 1605 1455 equi—

283 1469 350 1498 vdem
362 1489 373 1505 ,
387 1478 450 1499 esse
471 1472 522 1500 hac
538 1478 637 1502 nostra
649 1475 804 1511 memoria,
820 1476 872 1511 qui
890 1476 1005 1511 dicant,
1028 1475 1086 1510 vel,
1103 1474 1182 1502 Fidei
1201 1481 1274 1508 quae
1286 1472 1435 1506 dicantur,
1450 1472 1604 1507 mysteria,

290 1528 354 1548 esse
377 1529 468 1550 rectae
494 1522 613 1551 Rationi
636 1525 799 1561 contraria,
828 1534 880 1554 nec
909 1533 1036 1555 nostram
1059 1524 1260 1554 tantummodo
1287 1530 1418 1559 superare
1445 1522 1606 1558 intelligen-

293 1571 382 1607 tiam,
414 1572 477 1608 vcl,
509 1573 533 1600 si
555 1574 721 1610 judicandis
741 1576 822 1604 hisce
843 1576 927 1605 rebus
944 1576 1080 1606 Rationis
1102 1576 1146 1605 vis
1172 1583 1230 1604 non
1250 1573 1391 1609 sufficiat,
1412 1581 1500 1608 aeque
1515 1572 1605 1606 incer-3

291 1628 348 1650 tam
367 1621 493 1651 futuram
509 1632 571 1652 esse
587 1627 801 1660 persuasionem
821 1627 855 1655 de
878 1626 1094 1662 Revelationis,
1115 1626 1302 1661 homiuibus,
1324 1624 1385 1653 sine
1407 1624 1604 1653 subsidiorum

293 1672 460 1701 interventu
486 1673 626 1704 divInitus
649 1676 759 1712 factae,
781 1677 917 1713 veritate,
940 1679 1050 1714 quippe
1065 1685 1125 1706 non
1141 1677 1198 1705 nisi
1214 1676 1359 1710 Ratione,
1380 1675 1427 1703 sed
1445 1673 1538 1703 fallaci
1561 1674 1609 1702 illa

291 1731 324 1752 ex
341 1723 515 1760 hypothesi,
532 1726 697 1762 judicanda.
720 1727 898 1763 Enimvero,
919 1728 1029 1764 duplici
1048 1728 1120 1762 hac,
1141 1734 1177 1755 ne
1194 1732 1273 1755 extra
1287 1727 1533 1762 oleasrvagemur,
1555 1727 1607 1755 ob-

294 1775 457 1804 servatione
477 1777 594 1812 utrique
609 1786 706 1807 eorum
732 1778 973 1816 argumentationi
997 1779 1069 1808 satis
1095 1777 1208 1807 occurri
1226 1777 1359 1813 videtur3
1381 1785 1500 1814 nempe,
1521 1783 1548 1805 et
1565 1777 1608 1805 di-

296 1825 468 1861 stinguenda
493 1835 556 1856 esse
583 1829 645 1864 ipsa
671 1828 798 1858 Biblicae
819 1830 964 1859 doctrinae
986 1829 1100 1866 capita,
1135 1830 1296 1866 μυςηριῶδσυ
1323 1829 1393 1865 quid
1419 1836 1486 1864 prae
1515 1836 1545 1856 se
1569 1826 1611 1856 fe·

297 1875 386 1904 rentia
399 1896 410 1911 ‚
439 1876 474 1905 ab
497 1878 647 1908 hominum
677 1881 816 1917 decretis,
849 1881 977 1917 quibus,
999 1889 1065 1910 cum
1082 1881 1131 1909 illa
1150 1881 1255 1910 vellent
1274 1880 1432 1915 explicare,
1455 1878 1530 1906 haud
1545 1886 1608 1906 raro

297 1926 399 1954 misere
422 1927 571 1964 deturpata
589 1930 666 1960 sint:
687 1938 716 1960 et
741 1940 836 1960 revera
853 1932 1022 1968 saepissime
1039 1940 1095 1962 usu
1112 1931 1227 1966 venire,
1249 1937 1280 1959 ut
1298 1930 1368 1959 satis
1392 1934 1470 1958 certo
1486 1930 1559 1957 scire
1584 1935 1611 1956 et

304 1976 432 2014 iudicare
451 1986 610 2020 queamus,
633 1982 773 2014 undenam
793 1983 917 2020 alicujus
932 1982 1062 2013 veritatis
1087 1983 1132 2013 vel
1147 1982 1262 2012 theseos
1277 1981 1407 2011 notitiam
1429 1979 1615 2016 acquisiveri-

617 2035 623 2039 ”
981 2033 1010 2064 G
1355 2042 1359 2045 -
1531 2038 1614 2066 mus,
