1946 2517
297 197 334 225 ³0
682 180 721 211 H.
798 179 832 210 P.
911 184 980 206 na
1060 173 1424 205 KANTER

306 266 469 297 dubitanter
491 264 660 295 statuimuS.
700 263 803 298 Neque
828 260 902 289 enim
928 258 1161 295 presbyterorum
1192 256 1265 285 alius
1299 256 1357 286 aiio
1394 257 1484 294 maior
1507 254 1644 293 dignitate
1667 256 1713 285 vel
1741 261 1809 285 aue·

304 319 420 349 toritate
444 326 507 346 esse
531 316 656 351 dicitur,
684 314 734 342 sed
763 320 862 342 omnes
898 311 995 340 eodem
1022 309 1088 338 loco
1123 308 1208 337 habet
1240 315 1326 344 atque
1360 309 1457 337 eodem
1493 308 1579 336 modo
1603 308 1756 343 compellat
1780 313 1808 336 et

302 371 470 400 adhortatur
504 368 549 397 vir
570 367 708 400 divinus,
739 363 874 392 omuibus
904 361 997 389 eadem
1034 359 1158 388 muneris
1183 359 1273 388 officia
1298 360 1456 395 peragenda
1478 359 1687 396 injunguntur,
1717 357 1811 387 onmi-

305 422 363 451 bus
387 421 460 449 idem
485 418 571 448 animi
598 424 700 446 sensus
726 414 910 448 inculcatur,
939 412 1032 441 eadem
1066 411 1202 440 omnibus
1232 410 1438 447 praescribitur
1468 409 1568 447 agendi
1593 416 1692 438 norma
1715 415 1743 437 ct
1767 417 1810 437 ra·

303 475 366 508 tio,
389 480 443 507 qua
469 471 498 499 in
525 467 625 497 officiis
655 466 799 503 explendis
826 463 930 492 versari
961 472 1010 493 eos
1035 469 1186 499 oporteat,
1214 463 1307 491 eadem
1338 470 1437 491 omnes
1470 461 1538 490 vitia
1564 460 1662 497 fugere
1694 466 1720 488 et
1746 467 1809 488 eas—

305 525 366 553 dem
391 524 514 551 virtutes
533 519 635 548 sectari
653 518 811 554 jubentur,
836 515 970 544 omnibus
991 515 1063 542 idem
1088 520 1199 549 praeest
1223 513 1409 551 ἀρχιποίμημ,
1431 512 1625 549 omnibusque
1645 511 1718 540 idem
1742 517 1810 548 ope·

302 582 348 605 rae
371 580 484 603 strenue
509 570 661 609 praestitae
683 567 841 605 praemium
864 565 1046 602 promittitur
1073 564 1157 601 (7).

592 828 969 866 SECTIO
1057 826 1541 862 SECUNDA.

455 936 508 958 DE
534 934 611 963 115,
641 934 753 963 QUAE
781 929 986 952 lMPRJMls
1017 929 1159 952 AGERE
1187 931 1236 952 ET
1263 930 1420 952 vrrARz
1449 927 1666 954 OPORTEAT

850 982 1081 1006 MINISTROS
1111 981 1276 1004 SACROS·

307 1068 400 1135 Ad
423 1101 539 1130 aiteram
571 1107 648 1128 nunc
676 1097 844 1135 propositae
868 1095 1049 1133 quaestionis
1075 1100 1183 1130 partem
1211 1092 1435 1129 progrediamur.
1477 1089 1724 1127 Quemadmodum
1753 1090 1818 1119 uni·
1853 1087 1855 1089 ’

308 1153 413 1188 cuique
440 1160 494 1188 pro
514 1151 594 1180 vario
618 1150 693 1178 vitae
721 1156 821 1185 genere
851 1148 989 1183 varioque
1007 1153 1148 1181 munere,
1170 1154 1228 1183 quo
1254 1143 1412 1179 fungatur,
1433 1142 1510 1171 varia
1535 1148 1562 1170 et
1591 1140 1742 1178 peculiaria
1760 1140 1822 1169 offi-

310 1208 356 1236 cia
376 1207 504 1244 injuncta
529 1211 617 1240 sunt,
639 1205 678 1233 ita
701 1210 846 1232 sacrorum
874 1209 991 1237 quoque
1010 1199 1152 1228 antistites
1181 1204 1318 1225 summam
1345 1193 1476 1222 adhibere
1494 1198 1609 1228 oportet
1632 1192 1818 1226 cautionem,

311 1265 344 1287 ut
370 1257 495 1287 muneris
521 1254 686 1293 gravissimi
711 1253 872 1283 rationibus
896 1258 923 1280 et
943 1251 1102 1287 postulatis
1128 1249 1260 1277 universa
1288 1247 1362 1274 vitae
1386 1243 1458 1272 ratio
1486 1243 1666 1278 respondeat.

351 1309 398 1337 Ex
424 1307 480 1335 hoc
505 1314 604 1343 genere
631 1304 791 1339 nonnulla,
819 1311 890 1339 quac
916 1302 946 1331 in
976 1301 1029 1329 hac
1053 1308 1139 1329 causa
1166 1300 1257 1335 prima
1290 1304 1317 1325 et
1346 1295 1501 1332 praecipua
1527 1299 1620 1328 sunt,
1650 1293 1750 1323 Petrus
1775 1292 1822 1321 hic

281 1352 284 1354 ⁸
315 1358 437 1397 graviter
455 1357 654 1391 commendat,
679 1362 765 1390 atque
791 1355 865 1382 serio
892 1353 1026 1382 admonet
1047 1352 1081 1380 de
1106 1351 1162 1385 iis,
1184 1357 1257 1385 quae
1285 1347 1386 1376 sedulo
1408 1345 1544 1382 fugienda
1569 1351 1649 1374 sunt.

349 1409 495 1439 Pertinent
520 1414 613 1437 autem
643 1406 705 1443 ejus
730 1405 860 1439 monita,
887 1411 954 1432 cum
987 1402 1021 1430 ad
1045 1401 1194 1436 animum,
1232 1407 1291 1435 quo
1321 1397 1416 1426 affecti
1441 1403 1504 1424 esse
1530 1395 1648 1424 debeant
1678 1394 1827 1423 Ecclesiae

313 1460 458 1496 ministri,
487 1465 547 1488 tum
570 1458 605 1487 ad
639 1457 755 1486 modum
770 1476 781 1492 ,
811 1464 871 1492 quo
894 1455 925 1484 in
947 1454 1034 1483 rebus
1054 1452 1169 1490 agendis
1198 1455 1358 1486 occupatos
1378 1455 1440 1476 esse
1462 1454 1512 1476 eos
1534 1452 1664 1482 oporteat
1685 1445 1765 1482 (8).
1787 1458 1826 1467 —

315 1512 359 1542 De
381 1510 504 1549 singulis
529 1509 688 1539 videamus.

1802 1543 1827 1575 1.

348 1643 412 1679 (7)
430 1643 511 1670 conf.
528 1649 600 1676 supra
621 1646 705 1667 notata
724 1638 755 1665 de
779 1639 846 1664 inani
869 1644 1024 1671 praetexui,
1043 1644 1096 1670 quo
1116 1636 1230 1662 nonnulli
1247 1634 1366 1666 majorem
1388 1630 1536 1664 quibusdam
1560 1628 1734 1654 auctoritatem
1760 1626 1832 1652 attri-

314 1691 411 1722 buunt,
431 1698 487 1723 pag.
507 1697 536 1722 31
549 1696 632 1721 —33.

348 1736 411 1770 (8)
430 1737 532 1762 Nullam
559 1736 600 1760 hic
621 1734 711 1760 faciam
731 1733 887 1758 mentionem
908 1731 939 1757 de
962 1732 1056 1764 ingenii
1085 1730 1189 1756 dotibus
1211 1729 1251 1754 vei
1268 1727 1339 1752 variis
1359 1724 1476 1754 notitiis,
1494 1721 1598 1754 quaein
1619 1719 1736 1745 ministro
1758 1725 1831 1744 sacro

315 1784 489 1815 requirantur,
507 1789 535 1807 ut
559 1781 663 1807 idoneus
689 1780 720 1805 sit
739 1779 767 1803 ad
791 1786 882 1803 munus
906 1785 977 1803 suum
1003 1777 1155 1803 obeundum.
1198 1776 1308 1801 Possunt
1333 1772 1398 1797 forte
1423 1769 1540 1794 nonnulla
1560 1774 1591 1792 ex
1611 1766 1671 1792 h.1.
1689 1765 1775 1796 colligi
1799 1763 1828 1789 ad

314 1830 365 1855 hoc
391 1835 561 1861 argumentum
585 1826 749 1860 pertinentia,
769 1831 876 1850 attamen
895 1831 981 1849 eorum
1001 1822 1222 1856 pertractationem
1251 1827 1300 1844 uon
1319 1817 1348 1843 ad
1365 1823 1441 1841 ineam
1462 1814 1616 1847 provinciam
1642 1813 1768 1844 pertinere
1789 1810 1830 1842 ju-

315 1876 384 1903 dico.
420 1873 639 1908 Quemadmodum
664 1872 727 1898 euim
753 1871 838 1896 Petrus
860 1876 998 1895 sennonem
1018 1877 1066 1894 uon
1091 1868 1173 1899 dirigit
1197 1866 1226 1891 ad
1248 1873 1310 1894 eos,
1329 1864 1371 1895 qui
1394 1860 1527 1893 aliquando
1553 1865 1652 1884 munere
1669 1865 1739 1883 sacro
1759 1856 1830 1888 fungi

316 1923 409 1952 velint,
428 1921 471 1946 sed
491 1921 519 1946 ad
539 1927 604 1950 eos,
625 1920 669 1951 qui
686 1919 730 1944 illo
749 1918 797 1950 jam
816 1917 965 1948 fungantur,
987 1917 1019 1941 ita
1039 1921 1188 1947 praccepta,
1212 1919 1276 1944 quae
1295 1910 1416 1942 injungit,
1437 1915 1486 1932 uon
1503 1906 1566 1931 adeo
1581 1905 1610 1931 ad
1628 1905 1683 1929 illos
1699 1910 1782 1929 verum
1802 1901 1832 1927 ad

316 1968 363 1992 hos
384 1974 505 2000 spectant.
528 1979 561 1985 —
579 1965 714 1999 Quaeritur
735 1965 808 1990 etiam
830 1970 842 1987 a
867 1962 959 1992 nubis,
984 1967 1047 1993 quae
1071 1959 1162 1991 agenda
1188 1957 1342 1989 vitandaque
1363 1956 1410 1981 sint
1434 1955 1480 1985 iis,
1499 1953 1542 1986 qui
1563 1957 1664 1978 munere
1686 1955 1758 1975 sacro
1776 1947 1833 1974 suu·

319 2020 422 2045 gantur,
440 2021 490 2039 uon
513 2019 573 2039 vero
591 2013 636 2043 iis,
655 2012 698 2044 qui
721 2012 751 2036 ati
773 2009 835 2036 iliud
852 2008 995 2034 obeundum
1014 2013 1091 2032 semet
1109 2011 1262 2038 praeparent.
