1946 2517
727 144 1209 179 ORAT10.,÷
1615 158 1654 192 ,μ

192 245 260 268 esse
285 240 442 278 oportere.
486 232 572 273 Quid
603 233 690 264 enim
721 234 823 275 prosit
842 232 950 274 jejuna
981 231 1140 274 ejusmodi
1167 231 1328 274 cognitio.
1355 243 1418 274 qua
1445 235 1658 268 Insta'euclones

178 298 286 332 'atque
318 288 523 327 Pandectae,
556 288 670 322 Codex
706 288 782 319 item
808 295 943 332 uterque
975 296 1007 321 et
1034 288 1211 327 Novellae,
1233 288 1363 320 fortasse
1391 290 1495 329 ipsum
1524 301 1654 333 quoque

188 355 404 378 Gnsrrsnt
427 348 595 377 Decretum
613 354 686 375 cum
703 343 921 375 Decrelalibus
944 351 975 375 et
995 345 1145 388 reliquis,
1171 345 1328 388 imprimis
1354 356 1430 376 vero
1455 345 1568 377 Codex
1590 348 1655 378 Na·

176 402 416 446 ‘poleontt'cus,
451 400 604 431 memoria
636 406 830 439 teneantur,
872 401 926 432 sed
964 413 1028 444 qua
1062 405 1328 444 opportunitate,
1364 409 1418 434 aut
1456 414 1524 446 qno
1556 405 1654 435 consi·

185 458 246 496 lio,
269 458 320 489 vel
349 468 415 499 quo
440 456 553 488 effectu
578 455 657 486 latae
679 456 743 487 siut
770 457 885 498 Leges,
916 468 983 488 non
1007 458 1243 500 perspiciatur?
1273 460 1337 490 Aut
1365 459 1437 500 quis
1463 460 1549 491 Iuris
1573 460 1658 491 Com

183 513 279 545 sultus
301 514 424 544 dicatur
458 513 593 550 merito,
617 513 673 554 qui
700 511 752 544 vel
777 511 817 543 de
836 514 958 554 Legum
981 514 1159 555 aequitate,
1175 513 1367 545 'salubritate
1390 521 1422 545 et
1452 526 1526 546 cum
1550 525 1653 557 popu·

183 568 228 604 li,
252 570 305 600 cui
340 568 537 606 scribantur,
568 567 677 599 indole
700 574 732 599 et
764 568 894 610 ingenio
923 570 1174 606 convenientia,
1209 579 1324 600 sanum
1363 577 1458 614 atque
1488 572 1651 602 sincerum

180 623 339 667 judicium
362 623 443 656 ferre
470 636 536 656 non
564 624 682 667 possit,
706 624 757 656 vel
780 623 979 656 diversarum
1001 624 1146 665 gentium
1171 624 1241 663 jura
1267 631 1298 656 et
1322 624 1406 668 leges
1436 638 1503 658 non
1534 627 1576 657 ita
1602 627 1651 657 in-

172 687 230 712 ter
248 692 280 712 se
295 681 456 718 conferre,
480 687 516 712 ut
533 680 607 712 inde
622 704 631 719 ‚
655 679 734 723 quid
750 682 868 712 nostris
886 690 1015 722 quoque
1032 679 1228 723 temporibus
1248 682 1289 712 sit
1311 689 1562 714 consentaneum
1575 705 1584 720 ‚
1603 682 1649 718 ef,-

182 736 324 775 ficiatur‚
347 737 398 768 vel
425 737 563 778 denique
595 739 704 766 omnia
733 736 771 767 ad
799 743 924 768 aeterna
954 738 1037 768 auris
1059 744 1090 768 et
1116 738 1220 779 Aequi
1245 739 1402 782 principia
1424 748 1478 771 aut
1503 751 1650 772 revocare

181 802 234 825 aut
265 794 409 833 exigere?
441 795 487 824 Ex
520 793 642 835 vulgari
671 793 757 823 enim
782 798 812 823 et
835 793 885 824 vel
907 792 1002 835 lippis
1020 804 1056 823 ac
1079 793 1263 824 tonsoribus
1283 801 1359 826 uota
1385 795 1573 829 definitione
1597 801 1653 830 Ju-

180 849 387 892 nkprudrntca
420 855 468 879 est
511 861 525 876 u
548 847 730 879 divinarum
765 848 1043 892 humanarumque
1077 850 1190 881 notitia
1216 861 1342 891 rerum,
1373 853 1450 894 justi
1476 855 1653 898 injustique

177 919 193 934 α
216 904 373 937 scientia.'’
418 904 476 935 Est
502 910 628 940 autem,
647 910 685 934 ut
710 904 991 946 eloquentissimus
1015 906 1178 947 quondam
1200 912 1366 938 causa'rum
1395 916 1548 951 patronus
1575 913 1653 942 scri-

176 963 241 1005 psit
268 971 436 1001 menno,
483 974 497 987 rt
520 967 567 991 est
587 960 716 1003 quidem
738 972 811 992 vera
828 963 910 998 Lex,
932 967 1016 992 recta
1036 962 1133 1000 ratio,
1158 970 1288 995 naturae
1309 975 1507 1007 congruens,
1531 966 1647 998 diffusa

176 1031 194 1047 «
217 1019 249 1049 in
266 1028 395 1056 omnes,
416 1024 584 1054 constans,
610 1018 820 1059 sempiterna,
840 1029 925 1060 *quae
946 1025 1037 1049 vocet
1056 1021 1095 1049 ad
1113 1019 1257 1052 officium
1284 1021 1446 1062 jubendo,
1470 1024 1607 1056 vetando
1629 1036 1647 1056 a

177 1087 194 1104 κ
215 1074 326 1105 fraude
352 1073 520 1108 deterreat.
534 1091 580 1099 —
594 1076 650 1104 Est
669 1074 746 1105 haec
763 1085 831 1105 non
849 1076 979 1117 scripta,
1005 1075 1059 1105 sed
1074 1082 1146 1106 nata
1166 1076 1234 1115 lex;
1251 1088 1348 1119 quam
1366 1089 1433 1109 non
1453 1079 1624 1114 didicimus
1636 1106 1647 1124 ‚

178 1142 195 1159 α
217 1131 413 1173 accepimus,
436 1129 591 1171 legimus,
617 1140 726 1160 verum
756 1140 793 1160 ex
819 1136 932 1160 natura
951 1130 1018 1171 ipsa
1045 1132 1259 1173 arripuimus,
1285 1132 1469 1173 hausimus,
1493 1139 1648 1179 expressi·

177 1199 194 1216 α
215 1197 310 1223 mus;
340 1186 380 1217 ad
405 1197 501 1228 quam
529 1197 595 1217 non
629 1186 736 1223 docti,
760 1185 814 1217 sed
838 1185 933 1223 facti,
958 1197 1025 1217 non
1053 1187 1209 1225 instituti,
1232 1188 1296 1219 sed>
1320 1189 1436 1220 imbuti
1457 1201 1580 1225 sumus.
1603 1210 1647 1220 -.

175 1255 192 1271 «
213 1242 295 1273 Huic
325 1242 387 1284 legi
414 1253 520 1283 neque
543 1243 691 1284 obrogari
718 1241 765 1272 fas
787 1248 857 1280 est,
879 1252 984 1284 neque
1015 1242 1160 1285 derogari
1186 1254 1224 1274 ex
1252 1244 1311 1276 hac
1335 1245 1456 1288 aliquid
1480 1247 1568 1288 licet,
1591 1262 1649 1283 ne-

175 1310 192 1328 «
214 1310 278 1342 que
310 1305 376 1329 tota
412 1298 558 1341 abrogari
590 1305 705 1342 potest.
727 1313 775 1324 —-
795 1300 861 1330 Nec
890 1299 950 1329 erit
975 1298 1034 1330 alia
1063 1299 1114 1331 lex
1139 1303 1280 1339 Romae,
1313 1301 1373 1333 alia
1405 1303 1559 1343 Athenis,
1589 1307 1649 1343 alia

176 1361 193 1385 ὰ
214 1365 321 1394 nunc,
345 1354 405 1385 alia
428 1356 577 1398 posthac:
600 1355 654 1386 sed
672 1361 703 1386 et
723 1365 837 1386 omnes
858 1363 986 1398 gentes,
1008 1363 1040 1387 et
1057 1359 1145 1388 omni
1171 1365 1332 1401 ternpore,
1355 1370 1419 1392 una
1435 1362 1501 1392 Lex
1521 1369 1553 1395 et
1566 1373 1647 1398 sem-

175 1421 193 1440 α
214 1414 338 1454 piterna
364 1417 395 1442 et
422 1410 631 1442 immutabilis
658 1411 866 1443 continebit.⁷’
919 1414 1008 1443 Hanc
1034 1423 1111 1444 vero
1145 1415 1277 1455 Legem,
1312 1425 1470 1447 summam
1502 1418 1588 1451 illam
1613 1428 1646 1452 et

177 1468 376 1511 principem,
408 1474 492 1498 recte
524 1479 634 1505 nosse,
667 1476 810 1500 accurate
841 1469 1041 1511 interpretari
1073 1475 1104 1500 et
1140 1470 1308 1511 quibusvis
1337 1471 1476 1513 Legibus
1501 1476 1646 1517 positivis

174 1523 357 1566 judicandis
382 1523 555 1566 prudenter
577 1523 744 1562 adhibere,
768 1535 878 1556 nonne
903 1525 1091 1569 Philosophi
1116 1527 1187 1558 est?
1228 1528 1343 1559 Nonne
1369 1530 1479 1571 proin,
1504 1533 1560 1574 qui
1585 1535 1643 1565 Ju·

175 1579 408 1623 risprudentiae
431 1580 590 1611 Naturalis
608 1582 715 1612 minus
738 1582 858 1624 peritus
876 1583 934 1621 sit,
957 1594 975 1614 e
1000 1583 1295 1615 Jureconsultorum
1309 1607 1318 1622 ‚
1341 1586 1398 1627 qui
1422 1586 1554 1628 quidem
1573 1594 1640 1621 tan·

173 1637 198 1667 ti
233 1636 387 1667 nominis*
407 1636 530 1667 honore
564 1637 654 1680 digni
681 1638 743 1669 sint
765 1637 910 1677 dicendi,
942 1648 1078 1670 numero
1109 1640 1150 1670 sit
1174 1640 1394 1672 eximendus?
1438 1643 1553 1675 Nonne
1580 1645 1640 1684 iis,

177 1693 233 1735 qui
258 1692 333 1723 olim
368 1693 417 1723 vet
449 1704 615 1725 causarum
647 1696 773 1738 patroni
801 1695 866 1726 sint
887 1695 1008 1732 futuri,
1033 1695 1083 1726 vel
1100 1702 1241 1726 sanctam
1262 1696 1379 1738 judicis
1399 1708 1566 1739 personam
1590 1711 1645 1732 su·

180 1751 335 1787 stenturi,
359 1748 408 1779 vel
430 1750 647 1791 magistratum
670 1752 703 1782 in
721 1752 854 1783 Civitate
879 1751 1065 1791 obtenturi,
1087 1752 1138 1784 vel
1153 1763 1345 1796 quacunque
1372 1754 1498 1786 taudem
1520 1758 1646 1789 ratione

179 1805 333 1835 accessuri
370 1805 409 1835 ad
438 1807 701 1848 Rtmpublicam,
737 1810 770 1840 in
795 1808 1019 1852 philosopham
1044 1809 1150 1847 sui-is,
1173 1819 1274 1853 aeque
1298 1820 1333 1841 ao
1363 1810 1564 1848 historicam,
1588 1823 1645 1843 co-

177 1862 352 1899 guitionem
378 1861 547 1902 diligenter
571 1863 823 1896 incumbendum
848 1872 878 1896 et
896 1865 1086 1897 immortalia
1111 1877 1374 1905 cimmerium,
1400 1879 1642 1902 vaferrima-

176 1926 358 1954 nonum,
386 1927 800 1953 ccmnrnrsnnonnm
826 1921 1046 1963 similiumque
1072 1923 1186 1964 scripta
1201 1946 1211 1961 ,
1244 1923 1330 1955 haud
1352 1935 1443 1956 secus
1468 1932 1563 1969 atque
1586 1937 1644 1964 ea,

941 1980 970 2009 Q
991 1978 1009 2008 3
1563 1992 1648 2023 quae·
