1946 2517
383 153 419 174 κ,
787 125 1125 170 GULIELM‘I
1183 139 1490 170 DELPRAT

382 171 397 181 υ

386 225 565 260 voluptatem
593 222 648 259 (ea
673 223 745 251 enim
770 223 873 251 amoris
898 228 998 250 natura
1025 222 1090 258 cst)
1118 230 1210 257 neque
1236 223 1292 251 alio
1313 223 1454 258 stimulo,
1484 229 1532 251 aut
1559 222 1644 259 jussu
1675 223 1831 259 superioris
1851 225 1893 254 in·-

387 276 483 311 diget:
516 283 547 303 ac
574 275 607 303 de
630 274 679 302 tali
701 275 808 302 dictum
836 278 896 302 est:
928 272 1016 309 legem
1028 271 1111 306 ju'sto
1134 275 1259 311 positam
1285 284 1340 303 non
1366 283 1433 303 esse.
1482 274 1586 309 Usque
1620 274 1689 302 adeo
1723 274 1855 304 abhorret
1879 284 1894 304 a

386 327 517 362 ratione,
535 326 629 354 solam
660 325 747 361 legem
774 331 823 352 aut
851 325 1027 352 coactionem
1051 324 1163 360 justum
1192 324 1297 361 facere3
1325 325 1438 353 tametsi
1465 324 1609 352 fatendum
1641 325 1700 360 sit,
1728 333 1801 360 eos,
1823 334 1896 361 quo-

391 385 451 405 rum
473 377 584 404 animus
612 384 646 403 eo
674 375 863 410 perfectionis
885 383 943 403 non
966 374 1097 410 devenit,
1119 381 1178 402 non
1203 374 1259 403 nisi
1282 384 1331 411 spe
1362 383 1498 410 metuque
1527 374 1664 410 obligari;
1688 381 1714 403 et
1738 375 1768 403 in
1785 375 1896 403 divinae

386 429 506 457 maxime
529 428 674 457 vindictae
697 427 932 463 exspectatione,
955 435 1038 462 quam
1069 434 1121 455 nec
1144 432 1235 454 morte
1265 425 1390 462 effugere
1415 426 1514 460 detur,
1536 425 1734 454 necessitatem
1760 425 1893 461 plenam,

386 485 411 507 et
436 479 464 506 in
490 486 586 506 tunnes
612 477 781 513 vanturan1‚
803 478 934 506 servandi
960 478 1032 516 jufis
1054 484 1081 506 et
1105 479 1187 514 aequi
1217 486 1303 514 posse
1325 477 1480 506 inveniri”

422 527 455 556 In
476 536 561 564 opere
583 528 683 556 Essais
709 537 760 556 sur
779 528 1014 557 l'Ernena'cmem
1039 529 1160 558 humerin
1180 528 1215 557 L.
1234 529 1271 557 ΙΙ.
1295 530 1343 558 cli.
1362 529 1439 558 XXl.
1463 530 1491 565 §-
1512 537 1559 566 35.
1592 537 1620 565 p.
1641 529 1714 566 146,
1740 528 1894 557 consilium

388 579 545 608 Leibnitzii
574 579 737 614 invenitur,
759 580 839 614 quod
859 579 921 608 sine
943 579 1032 608 dubio
1059 580 1178 609 maxime
1201 579 1293 608 facere
1317 579 1399 608 debet
1429 581 1462 608 ad
1485 579 1672 615 perfectionis
1699 578 1797 614 illius,
1821 586 1894 614 quae

388 630 576 666 praecipuum
604 630 698 658 locum
722 630 750 658 in
777 630 832 658 hoc
860 637 1012 666 systemate
1046 636 1140 665 tenet,
1167 629 1349 659 difficultates
1376 631 1558 665 evincendas,
1607 631 1709 659 Monet
1735 637 1798 658 vera
1821 630 1897 659 bona

385 689 496 715 semper
519 681 651 709 sectanda
679 689 762 715 esse,
787 681 835 708 sed
863 681 998 716 quoniam
1027 680 1087 709 fieri
1112 689 1171 709 non
1198 687 1315 716 potest,
1348 688 1380 709 ut
1403 683 1534 711 homines
1560 689 1670 717 semper
1694 680 1836 709 bonorum
1866 686 1895 708 et

384 733 522 760 malorum
551 738 708 760 accuratam
735 731 891 767 analogiam
924 731 1100 767 instituant,
1133 738 1166 760 ut
1199 732 1331 767 videant,
1361 738 1455 761 utrum
1479 733 1551 769 quid
1582 732 1691 760 bonum
1718 731 1757 760 sit
1783 738 1894 766 necne,

383 782 456 810 hanc
479 783 565 818 legem
587 783 672 810 nobis
697 782 770 817 ipsis
797 782 1025 810 constituendam
1051 790 1135 817 esse,
1157 787 1189 810 ut
1208 790 1322 818 semper
1348 791 1502 818 sequamur
1523 782 1641 811 rationis
1669 781 1895 816 conclusiones,

386 841 456 868 quas
478 833 564 861 semel
586 832 799 868 intelleximus,
821 839 849 861 et
876 841 1047 869 quamquam
1071 842 1131 862 non
1150 841 1261 869 semper
1284 843 1299 862 a
1320 835 1405 863 nobis
1426 842 1579 864 concessas
1593 855 1603 870 ,
1631 841 1726 862 tamen
1751 832 1836 862 semel
1862 837 1895 860 ut

387 884 496 919 optime
519 884 607 913 nobis
634 884 786 921 cognitas,
817 884 941 919 ideoque
967 885 1137 920 sequendas.
1185 884 1233 913 sic
1266 885 1330 913 vitii
1356 886 1495 914 illecebris
1531 886 1729 919 obsistemus,
1754 889 1894 920 reputan-

384 939 426 961 tes
452 934 479 962 id
506 935 584 969 quod
613 936 722 963 bonurn
748 934 820 964 false
848 935 961 963 videtur
988 943 1043 963 nos
1067 935 1217 969 deludere,
1248 943 1342 964 revera
1370 937 1474 964 malum
1501 944 1564 965 esse
1596 935 1758 971 rationique
1783 939 1898 962 contra-

383 984 479 1020 rium,
509 986 630 1020 ideoque
656 985 848 1022 fugiendum,
877 986 932 1015 nisi
964 987 1147 1015 concedimus
1185 991 1277 1014 rectae
1304 987 1424 1015 rationis
1455 995 1596 1022 sanaeque
1622 986 1727 1016 mentis
1754 984 1862 1014 monita
1880 991 1897 1011 ι

383 1036 469 1063 nobis
492 1036 592 1064 stultis
617 1045 675 1064 non
698 1045 760 1065 esse
786 1035 958 1065 audienda.”

381 1086 384 1089 ⁴
424 1087 532 1116 Ibidem
555 1088 584 1123 §.
608 1091 642 1124 07
667 1088 695 1115 in
716 1086 774 1115 fine
795 1093 823 1115 et
843 1088 869 1123 S.
891 1088 926 1115 68
950 1086 1076 1115 ostendit
1105 1087 1253 1117 scientiam
1280 1087 1397 1116 virtutis
1420 1094 1448 1117 et
1465 1088 1611 1117 felicitatis
1638 1095 1697 1117 non
1719 1092 1830 1116 tantum
1849 1081 1897 1114 ne-

384 1130 439 1172 que
462 1137 587 1174 laboris,
609 1146 701 1173 neque
723 1137 831 1174 ingenii
855 1137 1018 1173 requirere,
1040 1145 1178 1172 quantum
1207 1146 1241 1166 ex
1265 1139 1469 1175 Philosophia,
1500 1138 1724 1174 Moralibusque
1754 1137 1892 1174 operibus

385 1186 585 1223 conjiceretur.
627 1188 721 1217 Etiam
749 1190 811 1217 sine
836 1189 879 1216 his
903 1188 1001 1216 felices
1020 1195 1046 1216 et
1072 1188 1142 1217 boni
1166 1196 1229 1216 esse
1249 1183 1421 1224 possumus.
1462 1189 1506 1218 lbi
1527 1188 1602 1218 enim
1627 1189 1690 1217 Deo
1715 1188 1820 1225 gratias
1850 1195 1897 1216 re-

385 1236 459 1272 fert,
490 1239 568 1273 quod
596 1239 624 1267 in
652 1247 686 1267 eo
707 1240 784 1275 quod
808 1239 928 1268 maxime
950 1238 1070 1267 interest
1092 1239 1121 1267 in
1144 1239 1260 1268 Summa
1278 1248 1392 1276 rerum,
1417 1239 1556 1269 felicitate
1581 1240 1695 1269 scilicet
1720 1246 1749 1268 et
1770 1240 1897 1274 virtute,

385 1297 443 1317 non
468 1297 577 1319 tantum
604 1293 738 1320 scientiae
764 1301 844 1328 opus.
869 1299 912 1320 est
942 1299 1034 1327 neque
1054 1292 1153 1320 auxilii
1181 1292 1366 1326 solertiaeve,
1389 1298 1527 1327 quantum
1550 1291 1578 1319 in
1604 1290 1692 1326 foro,
1714 1291 1744 1319 in
1771 1290 1898 1319 medico-

384 1348 446 1367 rum
471 1343 703 1377 consultatione,
726 1343 754 1371 in
779 1342 956 1378 Theologiae
983 1341 1163 1370 Historiaeve
1188 1342 1416 1376 controversiis,
1438 1343 1467 1370 in
1495 1342 1700 1370 Mathematica
1728 1347 1756 1368 et
1778 1339 1896 1368 Mecha-

382 1390 446 1419 nica
474 1393 652 1427 quaestione.
700 1393 755 1421 Sed
779 1393 970 1422 constantiam
1005 1399 1032 1420 et
1063 1392 1300 1421 consuetudinem
1332 1393 1513 1428 acquiramus
1547 1400 1661 1422 necesse
1688 1397 1731 1419 est
1760 1391 1789 1418 in
1815 1387 1895 1425 gravi

382 1441 500 1469 virtutis
525 1451 556 1470 ac
580 1443 726 1472 felicitatis
753 1444 898 1479 Scientia,
920 1444 958 1472 ita
986 1450 1017 1471 ut
1039 1451 1151 1478 semper
1177 1442 1253 1471 bona
1276 1443 1399 1471 consilia
1415 1443 1562 1477 capiamus
1591 1448 1618 1469 et
1636 1447 1799 1476 sequamur.
1836 1439 1895 1468 De-

383 1492 471 1527 nique
497 1493 531 1521 ad
555 1503 647 1523 veram
677 1494 845 1524 felicitatem
874 1503 932 1524 non
959 1501 1069 1523 tanturn
1096 1493 1244 1529 Scientia,
1274 1499 1412 1528 quantum
1440 1493 1513 1521 bona
1540 1492 1676 1521 voluntas
1702 1489 1794 1526 facit3
1823 1489 1894 1518 adeo

382 1545 417 1569 ut
437 1541 640 1576 imbecillimus
666 1555 700 1576 eo
720 1547 867 1584 pervenire
889 1546 1004 1585 possit,
1024 1546 1121 1575 efidem
1145 1545 1282 1575 facilitate
1307 1546 1366 1581 qua
1386 1545 1575 1576 doctissimus
1595 1551 1622 1574 et
1643 1542 1862 1573 solertissimus.

1727 2000 1901 2032 CAPUT
1945 2012 1946 2015 ¹
