1946 2517
709 184 1093 218 ORATIO.
1605 192 1643 225 13

174 274 279 318 Quem
298 275 394 316 igitur
414 274 570 317 populum
597 274 678 307 bene
699 283 857 308 moratum
883 279 1021 320 cogitare
1044 279 1090 311 fas
1115 281 1174 318 sit,
1200 281 1256 323 qui
1281 293 1347 313 non
1367 282 1416 315 uti
1441 285 1575 328 quisque
1601 287 1636 317 in

175 330 354 363 commodis
375 332 440 361 suis
467 332 696 374 prospiciendis
716 332 979 374 diligentissimus
999 342 1065 375 est,
1088 337 1131 367 ita
1160 337 1193 367 in
1215 338 1275 369 hoc
1297 340 1425 382 egregio
1448 345 1638 381 certamine,

174 386 231 419 ubi
263 393 325 417 lam
350 385 506 429 praeclara
525 389 684 430 proposita
715 396 791 419 sunt
818 389 934 421 laboris
959 394 1114 433 praemia,
1139 393 1345 436 cupidissime
1367 397 1557 435 contendat,
1582 410 1634 430 eas

173 442 226 474 hic
250 453 341 485 agere
366 452 489 485 paries,
513 455 594 483 quae
621 444 682 476 sibi
709 444 884 477 honestatis
903 458 976 477 cuin
994 448 1213 481 emolumento
1229 452 1418 493 conjunctae
1435 452 1552 485 famam
1569 454 1637 486 lau·

169 497 307 541 demque
329 500 499 531 concilient
514 500 526 530 ?

217 556 276 585 Sed
296 562 418 586 tantum
433 556 538 594 abest,
563 563 598 588 ut
616 557 814 589 honestatem
836 559 990 601 optimam
1012 560 1126 592 ducem
1145 570 1336 605 sequantur,
1359 571 1394 595 ut
1411 565 1487 597 odio
1505 573 1536 597 et
1552 567 1635 599 invi⁴

173 610 225 643 dia
250 613 385 642 invicem
410 613 587 644 exacerbati
614 613 738 645 foedam
759 615 908 645 avaritiae
934 622 1053 658 pestem
1075 618 1257 650 civitatibus
1286 619 1439 658 inferant,
1459 624 1633 655 certissima
1656 647 1658 664 ÷

173 669 282 698 aerarii
297 667 496 700 firmamenta
520 669 724 708 labefaitent‚
746 677 778 701 et
795 672 990 713 optimarum
1013 684 1119 704 rerum
1141 673 1303 707 affluentia
1321 677 1436 718 privari
1458 688 1491 709 se
1515 681 1637 722 patian-

172 730 246 756 tur.
268 724 446 755 dummodo
475 725 583 756 falsam
604 727 712 764 istam,
735 737 832 767 quam
859 727 920 757 sibi
937 729 1123 770 turpissimo
1138 730 1302 772 opinionis
1317 743 1424 763 errore
1446 733 1633 775 finxerunt,

169 781 315 812 utilitatis
347 787 378 811 et
407 781 616 813 emolumenti
644 784 780 824 specie-m
814 790 1055 825 persequantur.
1102 787 1131 814 Ο
1159 795 1269 817 coecas
1299 787 1468 820 hominum
1496 792 1635 826 mentes!

164 836 270 868 Solem
301 849 318 868 e
350 836 475 868 mundo
505 837 614 868 tollere
649 837 729 869 velle
770 838 940 877 videntur,
980 846 1015 870 ut
1049 842 1190 878 nemini,
1217 850 1437 886 pi·aeterqua‹.n
1464 849 1546 886 sibi,
1579 851 1631 883 lu-

166 899 259 930 ceat,
288 894 447 936 ceterique
478 903 591 924 omnes
623 894 771 925 homiues
795 896 960 926 communi
996 895 1058 928 hoc
1082 897 1239 930 beneficio
1272 901 1467 941 priventur;
1508 907 1632 948 ignari,

170 948 262 981 brevi
285 949 371 988 fore,
396 956 433 981 ut
458 950 542 981 idem
574 949 626 981 ille
650 950 717 985 sol.
743 951 800 993 qui
824 962 912 982 nunc
937 951 977 983 de
1005 953 1094 984 coelo
1117 956 1225 986 omnia
1249 954 1334 987 fovet
1360 964 1391 988 et
1411 958 1586 1001 illuminat,
1609 968 1636 997 si

170 1006 341 1049 derepente
359 1017 470 1037 omnes
492 1006 560 1048 ejus
577 1006 658 1037 radii
678 1008 711 1037 in
733 1017 828 1037 unam
858 1014 982 1039 tantum
998 1010 1161 1052 regionem
1189 1013 1441 1054 conjicerentur,
1463 1023 1499 1048 ut
1517 1026 1636 1053 ceteras

167 1064 314 1106 regiones
337 1062 473 1104 frigore,
494 1063 539 1093 sic
556 1064 637 1094 hanc
655 1074 750 1093 unam
768 1064 819 1094 siti
838 1071 870 1094 et
886 1072 973 1095 aestu
989 1067 1200 1099 combureret.

211 1120 451 1160 Quaerentibus
475 1118 641 1161 deniqne,
690 1130 847 1161 quosnam
885 1120 962 1152 haec
988 1128 1130 1165 tempora
1160 1123 1282 1155 fructus
1312 1137 1350 1156 ex
1377 1127 1413 1158 ea
1444 1132 1637 1175 perciperint

168 1182 268 1208 aetate
284 1186 365 1218 quae
388 1175 470 1206 hanc
488 1177 588 1218 ipsam
611 1177 756 1218 proxime
773 1183 959 1214 antecessit,
984 1189 1130 1221 quaeque
1150 1186 1212 1210 tam
1233 1181 1400 1214 horribiles
1425 1186 1504 1218 vidit
1524 1199 1631 1223 rerum

170 1232 416 1268 conversiones,
449 1239 585 1274 praestat
606 1232 669 1262 sere
687 1232 820 1264 tacendo
839 1234 1050 1276 respondere,
1075 1247 1172 1279 quam
1191 1238 1223 1267 in
1252 1239 1305 1270 tali
1322 1251 1356 1271 re
1382 1248 1436 1272 aut
1456 1254 1555 1285 pauca
1580 1256 1636 1280 aut

167 1289 317 1331 ambigua
345 1287 459 1320 dicere.
495 1290 664 1321 versatur
695 1290 781 1320 enim
812 1289 905 1321 nobis
943 1299 1015 1322 ante
1051 1292 1161 1323 oculos
1192 1295 1370 1327 tristissima
1397 1298 1632 1343 calamitatum,

167 1356 246 1389 quas
270 1345 409 1388 perpessi
433 1355 561 1383 sumus,
586 1356 695 1376 recens
720 1347 892 1384 memoria,
915 1358 1013 1390 quam
1039 1350 1095 1392 qui
1119 1350 1286 1382 nobiscum
1317 1361 1452 1396 repetat,
1484 1357 1511 1388 is
1532 1361 1633 1392 confi.

167 1409 270 1434 teatur
295 1413 420 1434 necesse
445 1409 509 1440 est,
539 1413 609 1434 eam
630 1414 697 1435 esse
730 1413 836 1436 rerum
866 1404 900 1434 in
930 1405 1056 1448 Europa
1081 1406 1282 1449 publicarum
1309 1407 1441 1448 faciem,
1468 1421 1508 1445 1ut
1538 1415 1632 1449 lateat

165 1458 287 1502 ubique
311 1459 372 1490 sub
391 1461 496 1490 cinere
521 1460 625 1502 igniS‚
650 1471 746 1502 quein
767 1463 913 1505 superior
941 1464 999 1495 ista
1025 1472 1108 1496 aetas
1132 1466 1292 1500 incendit,
1320 1467 1395 1498 haec
1424 1480 1498 1502 vero
1523 1481 1630 1506 nostra

166 1522 231 1546 tam
254 1525 368 1558 parum
396 1517 549 1554 extinxit,
582 1523 617 1546 ut
642 1527 754 1548 omnes
779 1518 858 1549 boni
883 1518 1020 1551 subinde
1045 1528 1207 1561 metuant,
1243 1534 1284 1553 ne
1310 1534 1458 1567 erumpat
1487 1527 1632 1571 aliquan-

165 1571 227 1609 do,
260 1582 362 1614 eoque
388 1582 516 1614 gravms
544 1573 657 1603 excitet
682 1574 886 1614 incendium,
915 1587 981 1619 quo
1014 1579 1116 1620 major
1143 1579 1228 1611 unde
1259 1581 1360 1611 alatur
1386 1588 1417 1613 et
1445 1582 1568 1616 facilior
1590 1586 1631 1618 ad

165 1627 434 1660 exardescendum
459 1630 604 1660 materies
629 1630 743 1671 subjici
765 1633 877 1674 possit.

209 1688 300 1724 Quae
315 1696 389 1715 cum
406 1686 445 1716 ita
464 1696 531 1716 esse
548 1687 641 1718 nobis
660 1698 844 1729 persuasum
864 1690 925 1728 sit,
950 1691 1030 1733 quid
1053 1692 1231 1729 miremini,
1260 1693 1434 1726 Auditores
1458 1699 1631 1732 Humanis.

165 1741 256 1774 simi!
275 1753 504 1784 saepenumero
525 1751 555 1773 et
580 1743 694 1780 uobis,
716 1752 751 1775 ut
774 1745 862 1776 decet
882 1754 1023 1778 amantes
1044 1749 1162 1790 pamiae
1180 1749 1283 1787 cives,
1308 1752 1536 1792 cogitationem
1554 1756 1633 1787 sub-

165 1799 212 1830 i1e
234 1805 264 1830 et
289 1797 597 1830 animadversionem
618 1800 792 1831 officiorum
817 1813 900 1845 quae
917 1813 992 1834 cum
1021 1805 1157 1835 maxime
1172 1805 1212 1836 ab
1235 1812 1360 1846 optimo
1384 1818 1514 1850 quoque
1539 1821 1630 1852 prae-

165 1853 276 1885 manda
298 1865 364 1885 esse
389 1853 576 1893 videantur,
606 1863 640 1887 ut
670 1859 845 1899 praesentia
872 1859 978 1898 bona,
1009 1870 1091 1902 quae
1119 1867 1201 1900 sint,
1231 1860 1355 1894 fortiter
1382 1869 1548 1903 tueamur,
1580 1867 1631 1897 vi-

163 1913 207 1941 tia
235 1910 406 1940 virtutibus
433 1911 590 1952 praeclare
619 1914 827 1946 emendemus
848 1939 857 1951 ‚
897 1922 928 1946 et
961 1914 1068 1946 futura
1098 1915 1178 1947 mala
1215 1919 1351 1948 scienter
1383 1925 1628 1953 ante-vertamus.

164 1967 333 2000 Neminem
355 1965 502 2010 equidem
526 1979 592 2001 esse
615 1977 713 2014 puto,
739 1973 796 2016 qui
821 1982 889 2004 non
914 1971 1017 2003 videat
1042 1978 1073 2003 et
1096 1972 1228 2012 sentiat,
1250 1972 1370 2004 nullam
1392 1985 1501 2006 earum
1527 1977 1627 2007 virtu-

920 2029 945 2069 β
967 2025 989 2069 3
1542 2038 1628 2070 ium,
