1946 2517
322 199 363 222 10
683 181 692 186 ”
772 182 807 214 C.
859 180 887 212 J.
939 186 1051 212 vair
1104 176 1338 214 A'SSEN,

366 278 462 321 Quod
478 289 494 310 a
514 275 714 320 Philosophis
733 281 786 306 aut
816 271 1024 317 praecipitur,
1050 276 1105 302 aut
1131 276 1214 302 certe
1245 268 1384 312 praecipi
1405 273 1551 312 oportet,
1573 265 1784 312 expetendam

326 344 355 370 et
371 336 535 370 colendam
549 344 616 366 esse
632 329 781 364 virtutem
795 354 804 369 ‚
829 341 895 361 non
911 340 966 372 spe
984 328 1157 361 utilitatum
1178 339 1314 371 quarum
1341 326 1480 358 effectrix
1502 328 1559 365 sit,
1583 326 1637 358 sed
1654 332 1783 369 propter

328 396 449 438 ipsam,
474 399 505 424 et
524 393 565 423 ob
584 391 721 422 nativam
746 390 814 431 ejus
834 386 1102 432 pulcritudinem,
1127 385 1219 427 cnjus
1238 395 1346 415 amore
1368 394 1479 415 omnes
1497 383 1576 415 boni
1599 383 1787 421 trahuntur,

326 450 388 482 hoc
419 449 567 480 latissime
591 454 696 489 patere
722 445 802 477 mihi
834 443 982 484 videtur,
1011 449 1042 474 et
1069 452 1136 474 nou
1165 441 1282 482 injuria
1311 442 1345 471 in
1371 439 1504 471 eandem
1530 441 1718 471 sententiam
1745 438 1786 470 de

324 506 491 548 disciplina
518 503 625 535 nostra
648 513 740 545 posse
759 502 832 534 dici.
878 503 967 542 Quae
988 511 1062 531 cum
1085 500 1126 530 ita
1145 499 1273 541 penitus
1296 499 1420 534 sentio',
1443 496 1589 528 desinant
1610 496 1717 526 mii-ari
1735 496 1789 527 isti

324 561 584 605 reprehensores,
613 558 669 590 ubi
701 564 809 589 nostra
837 568 903 589 sese
931 557 1020 589 effert
1041 558 1143 588 oratio
1164 556 1197 586 in
1227 553 1385 596 ejusmodi
1409 564 1466 591 re,
1491 564 1572 596 quae
1594 552 1702 583 multis
1723 552 1790 594 jam

323 620 398 650 satis
416 617 550 660 frigida,
574 615 667 647 nobis
698 625 774 646 vero
800 621 930 657 propter
954 615 1054 658 ipsam
1075 615 1240 645 civitatum
1270 609 1401 641 salutem
1431 610 1615 653 gravissima
1641 608 1791 652 inprimis

321 681 352 706 et
368 685 455 706 nunc
472 672 616 709 videtur,
637 677 688 709 et,
711 669 868 713 quamdiu
893 669 986 701 nobis
1006 668 1245 706 constabimus,
1270 678 1393 711 semper
1413 667 1588 698 videbitur.

365 732 507 763 Monitos
528 736 632 761 autem
653 730 720 759 Vos
739 736 807 758 esse
824 726 920 758 velim
948 728 984 759 A.
1005 728 1060 764 A„
1085 737 1125 757 ne
1152 726 1268 767 putetis
1303 735 1355 755 me
1379 723 1432 755 hic
1459 723 1682 756 difficillimam
1701 721 1790 755 illam

328 789 465 830 cogitare
487 787 721 830 quaestionem,
744 794 826 826 quae
851 789 914 813 tam
944 793 1059 825 magna
1088 792 1191 825 nuper
1217 781 1401 811 animorum
1426 781 1636 812 contentione
1655 780 1688 810 in
1710 782 1792 810 Ger·

328 845 434 875 mania
460 849 507 875 est
525 843 656 885 agitata,
679 851 753 872 cum
770 845 989 883 quaereretur:
1015 845 1124 870 utrum
1159 847 1261 869 novae
1281 836 1381 879 leges,
1407 846 1488 879 quas
1519 834 1650 867 Codices
1669 834 1795 868 civiles

329 910 499 936 vocamus,
526 899 610 930 Juris
634 897 782 929 scientiae
807 899 971 928 nociturae
994 902 1099 928 essent
1130 906 1171 926 an
1198 892 1392 938 profuturae.
1439 895 1529 933 Quae
1554 903 1629 924 sane
1648 893 1796 936 quaestio

333 958 480 1000 quamvis
496 955 592 999 digna
609 956 669 995 sit,
691 966 773 998 quae
793 954 962 997 diligenter
984 952 1216 997 perpendatur,
1242 961 1259 981 a
1283 957 1408 981 nostrae
1433 957 1537 981 tamen
1555 950 1709 981 orationis
1741 960 1794 981 ar-

328 1019 484 1056 gumento
504 1013 722 1055 ac‘proposito
742 1012 884 1053 sejuncta
899 1017 964 1049 est;
988 1021 1092 1053 neque
1114 1009 1147 1040 id
1164 1009 1304 1051 agimus,
1328 1014 1363 1038 ut
1389 1008 1454 1039 Vos
1483 1014 1646 1051 tamquam
1673 1007 1712 1038 ad
1727 1017 1794 1038 cer-

333 1070 481 1108 taminis,
519 1074 725 1111 conspectum
746 1090 757 1106 ,
797 1066 874 1098 hinc
904 1067 1144 1103 Romanorum,
1188 1064 1276 1096 illinc
1325 1063 1556 1096 hodiernorum
1599 1063 1794 1107 populorum

331 1127 405 1156 Jure
437 1124 532 1157 Civili
566 1123 704 1155 adducto
719 1146 730 1162 ,
761 1120 897 1152 arbitros
916 1122 1148 1152 constituamus
1171 1126 1280 1151 utrum
1295 1122 1335 1152 sit
1361 1120 1574 1163 praestantius
1598 1127 1630 1151 et
1652 1119 1796 1151 fructuo-

330 1182 408 1214 sius.

380 1240 614 1280 Saepenumero
636 1233 936 1271 animadvertimus,
959 1233 1020 1265 illis
1046 1232 1103 1275 qui
1128 1230 1190 1262 hoc
1221 1237 1320 1274 agunt
1339 1230 1371 1262 id
1397 1225 1552 1267 accidere,
1576 1237 1630 1270 ut,
1651 1242 1724 1263 cum
1741 1230 1799 1264 Jus

338 1292 506 1324 defendere
526 1291 659 1328 volunt,
683 1299 841 1320 summam
863 1288 1065 1319 committant
1080 1287 1246 1328 injuriam,
1275 1294 1306 1318 et
1332 1298 1421 1318 suam
1447 1289 1584 1330 quisque
1604 1292 1795 1320 sententiam

336 1351 379 1381 ita
396 1354 566 1386 tueantur,
589 1354 625 1378 ut
643 1346 731 1389 quod
759 1345 887 1377 alterius
914 1343 1063 1375 laudibus
1087 1344 1274 1383 detrahant,
1311 1344 1400 1376 alteri
1433 1345 1595 1387 adjiciant.
1640 1347 1706 1377 Nos
1734 1347 1795 1389 igi.

337 1412 407 1443 tur,
429 1416 502 1437 cum
533 1404 565 1436 id
590 1405 735 1446 agimus,
758 1409 793 1434 ut
817 1401 1008 1445 probemus,
1040 1412 1138 1444 quam
1168 1412 1215 1432 ne«
1226 1401 1377 1432 essarium
1399 1402 1439 1432 sit
1470 1403 1528 1433 hoc
1553 1402 1623 1444 ipso
1652 1408 1794 1444 tempore

340 1463 425 1494 Juris
442 1462 589 1492 scientiae
604 1462 764 1491 Romanae
781 1458 943 1496 studium,
959 1456 1058 1489 solam
1082 1462 1260 1499 cogitamus
1285 1463 1316 1488 et
1332 1463 1511 1500 spectamus
1530 1457 1616 1489 illius
1633 1467 1794 1501 praestan-

337 1520 413 1550 tiam
438 1525 469 1549 et
495 1517 663 1549 utilitatem
688 1523 719 1548 et
745 1517 970 1548 necessitatem.

382 1577 423 1606 At
452 1574 555 1605 sentio
584 1573 737 1604 hocloco
767 1583 864 1616 quam
895 1570 1026 1603 difficile
1055 1571 1117 1610 sit,
1147 1570 1234 1614 quod
1259 1571 1352 1602 initio
1376 1572 1531 1603 orationis
1554 1571 1702 1613 promisi,
1731 1571 1800 1615 jam

339 1637 512 1673 praestare,
535 1637 701 1673 propterea
717 1629 805 1673 quod
823 1639 891 1661 eam
908 1639 1005 1672 quam
1025 1627 1243 1671 significamus
1258 1629 1342 1658 Juris
1362 1627 1500 1657 Romani
1518 1626 1686 1658 utilitatem
1704 1629 1789 1670 ejus·

340 1686 428 1717 modi
444 1686 668 1728 intelligimus,
691 1697 772 1729 quae
787 1697 803 1716 a
819 1686 982 1716 notatione
999 1691 1030 1716 et
1051 1684 1325 1715 animadversione
1341 1684 1457 1715 horum
1473 1690 1655 1727 temporum
1673 1684 1799 1727 disjun-

340 1744 371 1786 gi
398 1749 542 1785 nequeat.
575 1743 634 1773 Res
651 1741 748 1772 ardua
767 1748 814 1773 est
835 1743 878 1773 ita
895 1740 1018 1778 dicere,
1047 1747 1082 1771 ut
1102 1750 1206 1771 veram
1227 1740 1326 1770 animi
1347 1739 1536 1770 seutentiam
1559 1739 1716 1780 explices,
1743 1750 1799 1772 ne·

342 1809 404 1841 que
419 1797 502 1840 apud
526 1808 719 1840 quemquam
739 1804 793 1828 aut
812 1797 945 1840 injuriae
962 1804 1014 1827 aut
1036 1796 1256 1839 inprudentiae
1273 1797 1393 1827 crimen
1408 1796 1570 1837 suscipias.
1594 1797 1695 1839 Erigit
1720 1808 1797 1829 vero

343 1860 433 1883 meet
452 1852 633 1884 consolatur
646 1854 815 1895 cogitatio,
837 1855 902 1884 vos
920 1854 1020 1896 ipsos,
1042 1852 1213 1884 Auditores
1235 1850 1474 1883 Humanissimil
1494 1853 1551 1894 qui
1569 1863 1693 1883 mecum
1711 1864 1809 1898 com-q

343 1919 472 1939 munem
492 1908 572 1939 hanc
592 1916 731 1940 nostram
749 1910 880 1952 patriam
894 1911 1021 1940 caritate
1048 1909 1273 1952 amplectimini
1289 1931 1298 1946 ‚
1324 1919 1426 1951 neque
1444 1908 1483 1939 ad
1500 1909 1691 1951 opinionum
1707 1902 1806 1940 com-¹

346 1972 451 1996 menta
481 1964 695 2006 abducimiui,
740 1967 864 2009 quoties
890 1973 1071 2009 temporum
1101 1964 1304 2009 publicorum
1329 1965 1483 1996 rationem
1512 1974 1549 1995 ac
1577 1963 1796 1997 conditionem

1751 2031 1799 2052 re-
