<?xml version="1.0" encoding="UTF-8"?>
<!DOCTYPE html PUBLIC "-//W3C//DTD XHTML 1.0 Transitional//EN"
    "http://www.w3.org/TR/xhtml1/DTD/xhtml1-transitional.dtd">
<html xmlns="http://www.w3.org/1999/xhtml" xml:lang="en" lang="en">
 <head>
  <title>
</title>
<meta http-equiv="Content-Type" content="text/html;charset=utf-8" />
  <meta name='ocr-system' content='tesseract 3.04.00' />
  <meta name='ocr-capabilities' content='ocr_page ocr_carea ocr_par ocr_line ocrx_word'/>
</head>
<body>
  <div class='ocr_page' id='page_1' title='image "annalesacademiae21rijk_0060.png"; bbox 0 0 1946 2517; ppageno 0'>
   <div class='ocr_carea' id='block_1_1' title="bbox 350 168 1381 205">
    <p class='ocr_par' dir='ltr' id='par_1_1' title="bbox 350 168 1381 205">
     <span class='ocr_line' id='line_1_1' title="bbox 350 168 1381 205; baseline -0.005 -2"><span class='ocrx_word' id='word_1_1' title='bbox 350 170 389 203; x_wconf 80' lang='lat'>16</span> <span class='ocrx_word' id='word_1_2' title='bbox 755 168 1381 205; x_wconf 77' lang='lat' dir='ltr'><strong>J.CLARIS·SE‚</strong></span> 
     </span>
    </p>
   </div>
   <div class='ocr_carea' id='block_1_2' title="bbox 345 257 1816 1980">
    <p class='ocr_par' dir='ltr' id='par_1_2' title="bbox 345 257 1808 699">
     <span class='ocr_line' id='line_1_2' title="bbox 350 257 1805 304; baseline -0.002 -9"><span class='ocrx_word' id='word_1_3' title='bbox 350 273 478 302; x_wconf 65' lang='lat' dir='ltr'>uta-11,</span> <span class='ocrx_word' id='word_1_4' title='bbox 507 262 556 293; x_wconf 83' lang='lat' dir='ltr'>vel</span> <span class='ocrx_word' id='word_1_5' title='bbox 580 272 738 293; x_wconf 66' lang='lat' dir='ltr'>xaw‘rtx.</span> <span class='ocrx_word' id='word_1_6' title='bbox 783 263 855 293; x_wconf 80' lang='lat' dir='ltr'>Non</span> <span class='ocrx_word' id='word_1_7' title='bbox 883 263 928 293; x_wconf 78' lang='lat' dir='ltr'>sic</span> <span class='ocrx_word' id='word_1_8' title='bbox 947 261 1082 292; x_wconf 83' lang='lat' dir='ltr'><strong>docuere</strong></span> <span class='ocrx_word' id='word_1_9' title='bbox 1107 271 1144 291; x_wconf 81' lang='lat' dir='ltr'>ex</span> <span class='ocrx_word' id='word_1_10' title='bbox 1171 261 1237 304; x_wconf 87' lang='lat' dir='ltr'>ipsa</span> <span class='ocrx_word' id='word_1_11' title='bbox 1266 260 1325 291; x_wconf 86' lang='lat' dir='ltr'>hac</span> <span class='ocrx_word' id='word_1_12' title='bbox 1354 257 1509 291; x_wconf 88' lang='lat' dir='ltr'>Cathedra</span> <span class='ocrx_word' id='word_1_13' title='bbox 1532 257 1556 290; x_wconf 90' lang='lat' dir='ltr'>’s</span> <span class='ocrx_word' id='word_1_14' title='bbox 1578 265 1805 292; x_wconf 61' lang='lat' dir='ltr'>suavssaub&#39;</span> 
     </span>
     <span class='ocr_line' id='line_1_3' title="bbox 348 315 1801 359; baseline -0.002 -8"><span class='ocrx_word' id='word_1_15' title='bbox 348 329 432 359; x_wconf 69' lang='lat' dir='ltr'>nti,</span> <span class='ocrx_word' id='word_1_16' title='bbox 478 327 899 355; x_wconf 61' lang='lat' dir='ltr'>uusscnexnnoexu,</span> <span class='ocrx_word' id='word_1_17' title='bbox 942 327 1153 355; x_wconf 57' lang='lat' dir='ltr'>eunomii,</span> <span class='ocrx_word' id='word_1_18' title='bbox 1192 326 1465 348; x_wconf 71' lang='lat' dir='ltr'>wvupenssu.</span> <span class='ocrx_word' id='word_1_19' title='bbox 1521 315 1620 357; x_wconf 89' lang='lat' dir='ltr'>Cujus</span> <span class='ocrx_word' id='word_1_20' title='bbox 1647 316 1801 358; x_wconf 77' lang='lat' dir='ltr'>postremi</span> 
     </span>
     <span class='ocr_line' id='line_1_4' title="bbox 353 371 1803 417; baseline -0.002 -11"><span class='ocrx_word' id='word_1_21' title='bbox 353 377 417 406; x_wconf 82' lang='lat' dir='ltr'>viri</span> <span class='ocrx_word' id='word_1_22' title='bbox 445 375 618 406; x_wconf 75' lang='lat' dir='ltr'><strong>Clarissimi</strong></span> <span class='ocrx_word' id='word_1_23' title='bbox 638 376 821 405; x_wconf 79' lang='lat' dir='ltr'>memoriam</span> <span class='ocrx_word' id='word_1_24' title='bbox 842 373 991 416; x_wconf 78' lang='lat' dir='ltr'>equidem</span> <span class='ocrx_word' id='word_1_25' title='bbox 1016 375 1067 417; x_wconf 86' lang='lat' dir='ltr'>pie</span> <span class='ocrx_word' id='word_1_26' title='bbox 1090 373 1247 411; x_wconf 85' lang='lat' dir='ltr'><strong>recolens,</strong></span> <span class='ocrx_word' id='word_1_27' title='bbox 1270 379 1358 403; x_wconf 83' lang='lat' dir='ltr'>tanto</span> <span class='ocrx_word' id='word_1_28' title='bbox 1380 372 1555 415; x_wconf 85' lang='lat' dir='ltr'>impensius</span> <span class='ocrx_word' id='word_1_29' title='bbox 1569 371 1663 402; x_wconf 84' lang='lat' dir='ltr'>doleo</span> <span class='ocrx_word' id='word_1_30' title='bbox 1680 371 1803 410; x_wconf 85' lang='lat' dir='ltr'>filium,</span> 
     </span>
     <span class='ocr_line' id='line_1_5' title="bbox 346 428 1805 471; baseline -0.003 -9"><span class='ocrx_word' id='word_1_31' title='bbox 346 442 573 463; x_wconf 68' lang='lat' dir='ltr'>smuuenenr</span> <span class='ocrx_word' id='word_1_32' title='bbox 603 441 817 466; x_wconf 76' lang='lat' dir='ltr'><strong>JOANNEM‚</strong></span> <span class='ocrx_word' id='word_1_33' title='bbox 845 441 884 461; x_wconf 88' lang='lat' dir='ltr'>ex</span> <span class='ocrx_word' id='word_1_34' title='bbox 911 430 1014 461; x_wconf 77' lang='lat' dir='ltr'>tribus</span> <span class='ocrx_word' id='word_1_35' title='bbox 1039 428 1261 460; x_wconf 77' lang='lat' dir='ltr'>eruditissimis</span> <span class='ocrx_word' id='word_1_36' title='bbox 1287 428 1343 470; x_wconf 90' lang='lat' dir='ltr'>qui</span> <span class='ocrx_word' id='word_1_37' title='bbox 1375 428 1512 470; x_wconf 81' lang='lat' dir='ltr'>supersit</span> <span class='ocrx_word' id='word_1_38' title='bbox 1543 438 1666 465; x_wconf 84' lang='lat' dir='ltr'>unum,</span> <span class='ocrx_word' id='word_1_39' title='bbox 1689 435 1719 458; x_wconf 88' lang='lat' dir='ltr'>et</span> <span class='ocrx_word' id='word_1_40' title='bbox 1750 439 1805 471; x_wconf 86' lang='lat' dir='ltr'>pa-</span> 
     </span>
     <span class='ocr_line' id='line_1_6' title="bbox 349 483 1802 527; baseline -0.002 -9"><span class='ocrx_word' id='word_1_41' title='bbox 349 489 406 518; x_wconf 87' lang='lat' dir='ltr'>tris</span> <span class='ocrx_word' id='word_1_42' title='bbox 436 497 669 523; x_wconf 78' lang='lat' dir='ltr'>successorem,</span> <span class='ocrx_word' id='word_1_43' title='bbox 705 486 748 517; x_wconf 93' lang='lat' dir='ltr'>ob</span> <span class='ocrx_word' id='word_1_44' title='bbox 782 486 924 518; x_wconf 77' lang='lat' dir='ltr'>affectam</span> <span class='ocrx_word' id='word_1_45' title='bbox 949 486 1164 518; x_wconf 85' lang='lat' dir='ltr'>valetudinem</span> <span class='ocrx_word' id='word_1_46' title='bbox 1190 484 1365 527; x_wconf 79' lang='lat' dir='ltr'>fractasque</span> <span class='ocrx_word' id='word_1_47' title='bbox 1390 484 1532 526; x_wconf 87' lang='lat' dir='ltr'>corporis</span> <span class='ocrx_word' id='word_1_48' title='bbox 1560 483 1643 514; x_wconf 88' lang='lat' dir='ltr'>vires</span> <span class='ocrx_word' id='word_1_49' title='bbox 1671 485 1802 515; x_wconf 84' lang='lat' dir='ltr'>m&#39;unere</span> 
     </span>
     <span class='ocr_line' id='line_1_7' title="bbox 345 541 1804 586; baseline -0.001 -13"><span class='ocrx_word' id='word_1_50' title='bbox 345 554 378 574; x_wconf 88' lang='lat' dir='ltr'>se</span> <span class='ocrx_word' id='word_1_51' title='bbox 409 542 553 573; x_wconf 66' lang='lat' dir='ltr'>abdicare</span> <span class='ocrx_word' id='word_1_52' title='bbox 583 549 738 574; x_wconf 85' lang='lat' dir='ltr'>coactum.</span> <span class='ocrx_word' id='word_1_53' title='bbox 791 543 842 574; x_wconf 89' lang='lat' dir='ltr'>Illi</span> <span class='ocrx_word' id='word_1_54' title='bbox 877 555 953 575; x_wconf 85' lang='lat' dir='ltr'>vero</span> <span class='ocrx_word' id='word_1_55' title='bbox 992 543 1137 586; x_wconf 81' lang='lat' dir='ltr'>Collegae</span> <span class='ocrx_word' id='word_1_56' title='bbox 1172 541 1457 579; x_wconf 83' lang='lat' dir='ltr'>aestumatissimo,</span> <span class='ocrx_word' id='word_1_57' title='bbox 1492 541 1586 582; x_wconf 85' lang='lat' dir='ltr'>Regis</span> <span class='ocrx_word' id='word_1_58' title='bbox 1619 541 1804 572; x_wconf 85' lang='lat' dir='ltr'>auctoritate</span> 
     </span>
     <span class='ocr_line' id='line_1_8' title="bbox 347 592 1806 643; baseline -0.003 -12"><span class='ocrx_word' id='word_1_59' title='bbox 347 599 525 631; x_wconf 84' lang='lat' dir='ltr'>honorifice</span> <span class='ocrx_word' id='word_1_60' title='bbox 558 599 637 630; x_wconf 84' lang='lat' dir='ltr'>rude</span> <span class='ocrx_word' id='word_1_61' title='bbox 667 599 806 637; x_wconf 84' lang='lat' dir='ltr'>donato,</span> <span class='ocrx_word' id='word_1_62' title='bbox 848 592 949 632; x_wconf 68' lang='lat' dir='ltr'>otiu‘m</span> <span class='ocrx_word' id='word_1_63' title='bbox 983 611 1058 632; x_wconf 87' lang='lat' dir='ltr'>cum</span> <span class='ocrx_word' id='word_1_64' title='bbox 1091 600 1245 643; x_wconf 80' lang='lat' dir='ltr'>dignitate</span> <span class='ocrx_word' id='word_1_65' title='bbox 1270 596 1487 641; x_wconf 76' lang='lat' dir='ltr'>gratulamur,</span> <span class='ocrx_word' id='word_1_66' title='bbox 1519 602 1680 639; x_wconf 82' lang='lat' dir='ltr'>sperantes</span> <span class='ocrx_word' id='word_1_67' title='bbox 1709 596 1806 627; x_wconf 90' lang='lat' dir='ltr'>simul</span> 
     </span>
     <span class='ocr_line' id='line_1_9' title="bbox 347 652 1808 699; baseline -0.001 -12"><span class='ocrx_word' id='word_1_68' title='bbox 347 667 383 687; x_wconf 89' lang='lat' dir='ltr'>ac</span> <span class='ocrx_word' id='word_1_69' title='bbox 415 662 584 693; x_wconf 80' lang='lat' dir='ltr'>voventes,</span> <span class='ocrx_word' id='word_1_70' title='bbox 616 662 650 686; x_wconf 91' lang='lat' dir='ltr'>ut</span> <span class='ocrx_word' id='word_1_71' title='bbox 679 657 746 698; x_wconf 88' lang='lat' dir='ltr'>ipse</span> <span class='ocrx_word' id='word_1_72' title='bbox 775 657 906 699; x_wconf 87' lang='lat' dir='ltr'>quidem</span> <span class='ocrx_word' id='word_1_73' title='bbox 935 656 992 687; x_wconf 86' lang='lat' dir='ltr'>diu</span> <span class='ocrx_word' id='word_1_74' title='bbox 1021 656 1133 687; x_wconf 89' lang='lat' dir='ltr'>eodem</span> <span class='ocrx_word' id='word_1_75' title='bbox 1162 655 1302 693; x_wconf 82' lang='lat' dir='ltr'>fruatur,</span> <span class='ocrx_word' id='word_1_76' title='bbox 1332 652 1510 685; x_wconf 81' lang='lat' dir='ltr'>cathedram</span> <span class='ocrx_word' id='word_1_77' title='bbox 1540 663 1615 684; x_wconf 87' lang='lat' dir='ltr'>vero</span> <span class='ocrx_word' id='word_1_78' title='bbox 1645 659 1808 686; x_wconf 71' lang='lat' dir='ltr'>vacantem</span> 
     </span>
    </p>

    <p class='ocr_par' dir='ltr' id='par_1_3' title="bbox 346 708 1816 1980">
     <span class='ocr_line' id='line_1_10' title="bbox 346 708 1704 757; baseline -0.004 -13"><span class='ocrx_word' id='word_1_79' title='bbox 346 712 529 757; x_wconf 84' lang='lat' dir='ltr'>propediem</span> <span class='ocrx_word' id='word_1_80' title='bbox 555 719 689 754; x_wconf 81' lang='lat' dir='ltr'>occupet</span> <span class='ocrx_word' id='word_1_81' title='bbox 714 723 895 750; x_wconf 84' lang='lat' dir='ltr'>successor,</span> <span class='ocrx_word' id='word_1_82' title='bbox 918 712 1104 755; x_wconf 87' lang='lat' dir='ltr'>Philosophi</span> <span class='ocrx_word' id='word_1_83' title='bbox 1127 713 1259 743; x_wconf 84' lang='lat' dir='ltr'>nomine</span> <span class='ocrx_word' id='word_1_84' title='bbox 1283 716 1314 741; x_wconf 87' lang='lat' dir='ltr'>et</span> <span class='ocrx_word' id='word_1_85' title='bbox 1339 709 1459 740; x_wconf 81' lang='lat' dir='ltr'>honore</span> <span class='ocrx_word' id='word_1_86' title='bbox 1482 708 1704 751; x_wconf 82' lang='lat' dir='ltr'>dignissimus!</span> 
     </span>
     <span class='ocr_line' id='line_1_11' title="bbox 393 764 1810 812; baseline -0.002 -12"><span class='ocrx_word' id='word_1_87' title='bbox 393 771 481 809; x_wconf 85' lang='lat' dir='ltr'>Quae</span> <span class='ocrx_word' id='word_1_88' title='bbox 509 768 548 799; x_wconf 90' lang='lat' dir='ltr'>de</span> <span class='ocrx_word' id='word_1_89' title='bbox 567 768 780 812; x_wconf 77' lang='lat' dir='ltr'>metaphysica</span> <span class='ocrx_word' id='word_1_90' title='bbox 805 769 1024 812; x_wconf 74' lang='lat' dir='ltr'>Philosophiae</span> <span class='ocrx_word' id='word_1_91' title='bbox 1043 774 1130 811; x_wconf 85' lang='lat' dir='ltr'>parte</span> <span class='ocrx_word' id='word_1_92' title='bbox 1150 766 1311 805; x_wconf 84' lang='lat' dir='ltr'>diximus,</span> <span class='ocrx_word' id='word_1_93' title='bbox 1333 764 1374 796; x_wconf 84' lang='lat' dir='ltr'>de</span> <span class='ocrx_word' id='word_1_94' title='bbox 1389 765 1484 796; x_wconf 87' lang='lat' dir='ltr'>altera</span> <span class='ocrx_word' id='word_1_95' title='bbox 1503 775 1569 796; x_wconf 89' lang='lat' dir='ltr'>non</span> <span class='ocrx_word' id='word_1_96' title='bbox 1591 765 1716 803; x_wconf 86' lang='lat' dir='ltr'>minus,</span> <span class='ocrx_word' id='word_1_97' title='bbox 1743 766 1810 797; x_wconf 86' lang='lat' dir='ltr'>imo</span> 
     </span>
     <span class='ocr_line' id='line_1_12' title="bbox 349 823 1811 867; baseline -0.001 -10"><span class='ocrx_word' id='word_1_98' title='bbox 349 826 478 857; x_wconf 76' lang='lat' dir='ltr'>{ortasse</span> <span class='ocrx_word' id='word_1_99' title='bbox 511 825 610 867; x_wconf 84' lang='lat' dir='ltr'>magis</span> <span class='ocrx_word' id='word_1_100' title='bbox 641 826 753 864; x_wconf 87' lang='lat' dir='ltr'>etiam,</span> <span class='ocrx_word' id='word_1_101' title='bbox 787 824 909 863; x_wconf 79' lang='lat' dir='ltr'>valere,</span> <span class='ocrx_word' id='word_1_102' title='bbox 943 824 1032 856; x_wconf 81' lang='lat' dir='ltr'>facile</span> <span class='ocrx_word' id='word_1_103' title='bbox 1069 825 1149 856; x_wconf 88' lang='lat' dir='ltr'>mihi</span> <span class='ocrx_word' id='word_1_104' title='bbox 1177 826 1242 856; x_wconf 89' lang='lat' dir='ltr'>Vos</span> <span class='ocrx_word' id='word_1_105' title='bbox 1275 834 1386 855; x_wconf 87' lang='lat' dir='ltr'>omnes</span> <span class='ocrx_word' id='word_1_106' title='bbox 1418 823 1549 855; x_wconf 82' lang='lat' dir='ltr'>daturos</span> <span class='ocrx_word' id='word_1_107' title='bbox 1574 835 1641 856; x_wconf 78' lang='lat' dir='ltr'>esse</span> <span class='ocrx_word' id='word_1_108' title='bbox 1670 825 1811 857; x_wconf 82' lang='lat' dir='ltr'>confido.</span> 
     </span>
     <span class='ocr_line' id='line_1_13' title="bbox 348 879 1812 924; baseline -0.001 -11"><span class='ocrx_word' id='word_1_109' title='bbox 348 885 430 913; x_wconf 90' lang='lat' dir='ltr'>Cum</span> <span class='ocrx_word' id='word_1_110' title='bbox 454 882 540 913; x_wconf 88' lang='lat' dir='ltr'>enim</span> <span class='ocrx_word' id='word_1_111' title='bbox 572 881 648 912; x_wconf 89' lang='lat' dir='ltr'>haec</span> <span class='ocrx_word' id='word_1_112' title='bbox 671 881 872 924; x_wconf 81' lang='lat' dir='ltr'>disciplinam</span> <span class='ocrx_word' id='word_1_113' title='bbox 887 905 895 919; x_wconf 90' lang='lat'>‚</span> <span class='ocrx_word' id='word_1_114' title='bbox 920 892 1016 924; x_wconf 90' lang='lat' dir='ltr'>quam</span> <span class='ocrx_word' id='word_1_115' title='bbox 1039 881 1154 913; x_wconf 87' lang='lat' dir='ltr'>eximie</span> <span class='ocrx_word' id='word_1_116' title='bbox 1173 880 1341 919; x_wconf 71' lang='lat' dir='ltr'>Physicam</span> <span class='ocrx_word' id='word_1_117' title='bbox 1357 879 1510 919; x_wconf 87' lang='lat' dir='ltr'>dicimus,</span> <span class='ocrx_word' id='word_1_118' title='bbox 1533 891 1598 912; x_wconf 88' lang='lat' dir='ltr'>una</span> <span class='ocrx_word' id='word_1_119' title='bbox 1626 891 1700 912; x_wconf 87' lang='lat' dir='ltr'>cum</span> <span class='ocrx_word' id='word_1_120' title='bbox 1728 881 1812 913; x_wconf 64' lang='lat' dir='ltr'>Clee-</span> 
     </span>
     <span class='ocr_line' id='line_1_14' title="bbox 347 936 1812 980; baseline -0.001 -12"><span class='ocrx_word' id='word_1_121' title='bbox 347 941 433 975; x_wconf 77' lang='lat' dir='ltr'>mia,</span> <span class='ocrx_word' id='word_1_122' title='bbox 474 936 666 980; x_wconf 87' lang='lat' dir='ltr'>affinemque</span> <span class='ocrx_word' id='word_1_123' title='bbox 696 938 770 969; x_wconf 84' lang='lat' dir='ltr'>huic</span> <span class='ocrx_word' id='word_1_124' title='bbox 799 938 988 969; x_wconf 74' lang='lat' dir='ltr'>Natat-alem</span> <span class='ocrx_word' id='word_1_125' title='bbox 1012 939 1183 969; x_wconf 77' lang='lat' dir='ltr'>Historiam</span> <span class='ocrx_word' id='word_1_126' title='bbox 1209 943 1240 968; x_wconf 88' lang='lat' dir='ltr'>et</span> <span class='ocrx_word' id='word_1_127' title='bbox 1268 939 1461 973; x_wconf 81' lang='lat' dir='ltr'>Botam&#39;cen‚</span> <span class='ocrx_word' id='word_1_128' title='bbox 1493 946 1567 967; x_wconf 86' lang='lat' dir='ltr'>cum</span> <span class='ocrx_word' id='word_1_129' title='bbox 1606 938 1812 968; x_wconf 80' lang='lat' dir='ltr'>Astronomia</span> 
     </span>
     <span class='ocr_line' id='line_1_15' title="bbox 349 991 1813 1038; baseline -0.001 -13"><span class='ocrx_word' id='word_1_130' title='bbox 349 994 613 1038; x_wconf 84' lang='lat' dir='ltr'>comprehendat,</span> <span class='ocrx_word' id='word_1_131' title='bbox 647 996 781 1026; x_wconf 82' lang='lat' dir='ltr'>omnino</span> <span class='ocrx_word' id='word_1_132' title='bbox 808 994 971 1026; x_wconf 82' lang='lat' dir='ltr'>fatendum</span> <span class='ocrx_word' id='word_1_133' title='bbox 999 994 1146 1033; x_wconf 83' lang='lat' dir='ltr'>videtur,</span> <span class='ocrx_word' id='word_1_134' title='bbox 1170 1004 1187 1024; x_wconf 89' lang='lat' dir='ltr'>a</span> <span class='ocrx_word' id='word_1_135' title='bbox 1212 993 1341 1024; x_wconf 83' lang='lat' dir='ltr'>nemine</span> <span class='ocrx_word' id='word_1_136' title='bbox 1361 992 1510 1036; x_wconf 85' lang='lat' dir='ltr'>praeclari</span> <span class='ocrx_word' id='word_1_137' title='bbox 1530 991 1705 1036; x_wconf 87' lang='lat' dir='ltr'>quidquam</span> <span class='ocrx_word' id='word_1_138' title='bbox 1724 994 1757 1023; x_wconf 80' lang='lat' dir='ltr'>in</span> <span class='ocrx_word' id='word_1_139' title='bbox 1775 1003 1813 1024; x_wconf 78' lang='lat' dir='ltr'>ea</span> 
     </span>
     <span class='ocr_line' id='line_1_16' title="bbox 347 1048 1813 1094; baseline -0.001 -12"><span class='ocrx_word' id='word_1_140' title='bbox 347 1050 593 1094; x_wconf 79' lang='lat' dir='ltr'>exspectandum</span> <span class='ocrx_word' id='word_1_141' title='bbox 611 1062 693 1089; x_wconf 88' lang='lat' dir='ltr'>esse,</span> <span class='ocrx_word' id='word_1_142' title='bbox 718 1052 779 1082; x_wconf 89' lang='lat' dir='ltr'>nisi</span> <span class='ocrx_word' id='word_1_143' title='bbox 800 1052 856 1094; x_wconf 89' lang='lat' dir='ltr'>qui</span> <span class='ocrx_word' id='word_1_144' title='bbox 875 1059 973 1082; x_wconf 80' lang='lat' dir='ltr'>artem</span> <span class='ocrx_word' id='word_1_145' title='bbox 991 1051 1099 1082; x_wconf 84' lang='lat' dir='ltr'>calleat</span> <span class='ocrx_word' id='word_1_146' title='bbox 1125 1050 1332 1088; x_wconf 71' lang='lat' dir='ltr'>observandi,</span> <span class='ocrx_word' id='word_1_147' title='bbox 1355 1058 1384 1081; x_wconf 88' lang='lat' dir='ltr'>et</span> <span class='ocrx_word' id='word_1_148' title='bbox 1405 1061 1487 1081; x_wconf 78' lang='lat' dir='ltr'>nova</span> <span class='ocrx_word' id='word_1_149' title='bbox 1499 1073 1508 1087; x_wconf 88' lang='lat'>‚</span> <span class='ocrx_word' id='word_1_150' title='bbox 1525 1049 1644 1092; x_wconf 90' lang='lat' dir='ltr'>quibus</span> <span class='ocrx_word' id='word_1_151' title='bbox 1662 1048 1813 1081; x_wconf 78' lang='lat' dir='ltr'>faciendis</span> 
     </span>
     <span class='ocr_line' id='line_1_17' title="bbox 348 1106 1813 1151; baseline -0.001 -12"><span class='ocrx_word' id='word_1_152' title='bbox 348 1110 485 1139; x_wconf 81' lang='lat' dir='ltr'>Naturae</span> <span class='ocrx_word' id='word_1_153' title='bbox 514 1109 604 1150; x_wconf 87' lang='lat' dir='ltr'>quasi</span> <span class='ocrx_word' id='word_1_154' title='bbox 633 1107 744 1151; x_wconf 86' lang='lat' dir='ltr'>peplus</span> <span class='ocrx_word' id='word_1_155' title='bbox 773 1107 1012 1150; x_wconf 81' lang='lat' dir='ltr'>quodammodo</span> <span class='ocrx_word' id='word_1_156' title='bbox 1039 1106 1222 1142; x_wconf 81' lang='lat' dir='ltr'>attollatur,</span> <span class='ocrx_word' id='word_1_157' title='bbox 1251 1107 1389 1148; x_wconf 85' lang='lat' dir='ltr'>pericula</span> <span class='ocrx_word' id='word_1_158' title='bbox 1419 1107 1598 1147; x_wconf 84' lang='lat' dir='ltr'>excogitare</span> <span class='ocrx_word' id='word_1_159' title='bbox 1618 1106 1715 1144; x_wconf 81' lang='lat' dir='ltr'>sciat,</span> <span class='ocrx_word' id='word_1_160' title='bbox 1739 1117 1813 1148; x_wconf 89' lang='lat' dir='ltr'>pro-</span> 
     </span>
     <span class='ocr_line' id='line_1_18' title="bbox 347 1162 1809 1207; baseline -0.001 -11"><span class='ocrx_word' id='word_1_161' title='bbox 347 1164 531 1207; x_wconf 79' lang='lat' dir='ltr'>babilesque</span> <span class='ocrx_word' id='word_1_162' title='bbox 555 1164 680 1195; x_wconf 83' lang='lat' dir='ltr'>noverit</span> <span class='ocrx_word' id='word_1_163' title='bbox 705 1171 825 1195; x_wconf 87' lang='lat' dir='ltr'>tentare</span> <span class='ocrx_word' id='word_1_164' title='bbox 845 1162 1055 1205; x_wconf 80' lang='lat' dir='ltr'>hypotheses,</span> <span class='ocrx_word' id='word_1_165' title='bbox 1091 1168 1121 1192; x_wconf 90' lang='lat' dir='ltr'>et</span> <span class='ocrx_word' id='word_1_166' title='bbox 1147 1172 1185 1192; x_wconf 83' lang='lat' dir='ltr'>ex</span> <span class='ocrx_word' id='word_1_167' title='bbox 1207 1163 1359 1192; x_wconf 87' lang='lat' dir='ltr'>continua</span> <span class='ocrx_word' id='word_1_168' title='bbox 1393 1162 1472 1192; x_wconf 84' lang='lat' dir='ltr'>serie</span> <span class='ocrx_word' id='word_1_169' title='bbox 1497 1162 1809 1204; x_wconf 85' lang='lat' dir='ltr'>experimentorum,</span> 
     </span>
     <span class='ocr_line' id='line_1_19' title="bbox 350 1216 1813 1263; baseline -0.001 -11"><span class='ocrx_word' id='word_1_170' title='bbox 350 1229 405 1252; x_wconf 88' lang='lat' dir='ltr'>aut</span> <span class='ocrx_word' id='word_1_171' title='bbox 432 1220 621 1263; x_wconf 84' lang='lat' dir='ltr'>comparatis</span> <span class='ocrx_word' id='word_1_172' title='bbox 649 1221 732 1250; x_wconf 89' lang='lat' dir='ltr'>inter</span> <span class='ocrx_word' id='word_1_173' title='bbox 761 1230 794 1250; x_wconf 87' lang='lat' dir='ltr'>se</span> <span class='ocrx_word' id='word_1_174' title='bbox 827 1218 1034 1249; x_wconf 75' lang='lat' dir='ltr'>diversissimi</span> <span class='ocrx_word' id='word_1_175' title='bbox 1067 1218 1190 1259; x_wconf 85' lang='lat' dir='ltr'>generis</span> <span class='ocrx_word' id='word_1_176' title='bbox 1222 1217 1474 1260; x_wconf 86' lang='lat' dir='ltr'>phaenomenis,</span> <span class='ocrx_word' id='word_1_177' title='bbox 1506 1216 1585 1260; x_wconf 91' lang='lat' dir='ltr'>quid</span> <span class='ocrx_word' id='word_1_178' title='bbox 1619 1228 1730 1248; x_wconf 88' lang='lat' dir='ltr'>verum</span> <span class='ocrx_word' id='word_1_179' title='bbox 1755 1220 1813 1258; x_wconf 79' lang='lat' dir='ltr'>sit,</span> 
     </span>
     <span class='ocr_line' id='line_1_20' title="bbox 350 1272 1813 1318; baseline -0.003 -9"><span class='ocrx_word' id='word_1_180' title='bbox 350 1277 401 1309; x_wconf 80' lang='lat' dir='ltr'>vel</span> <span class='ocrx_word' id='word_1_181' title='bbox 427 1283 509 1308; x_wconf 88' lang='lat' dir='ltr'>certe</span> <span class='ocrx_word' id='word_1_182' title='bbox 532 1286 608 1307; x_wconf 86' lang='lat' dir='ltr'>vero</span> <span class='ocrx_word' id='word_1_183' title='bbox 635 1276 838 1318; x_wconf 83' lang='lat' dir='ltr'>proximum,</span> <span class='ocrx_word' id='word_1_184' title='bbox 880 1275 1003 1305; x_wconf 81' lang='lat' dir='ltr'>ratione</span> <span class='ocrx_word' id='word_1_185' title='bbox 1034 1272 1234 1306; x_wconf 85' lang='lat' dir='ltr'>concludere.</span> <span class='ocrx_word' id='word_1_186' title='bbox 1290 1275 1358 1304; x_wconf 83' lang='lat' dir='ltr'>Hoc</span> <span class='ocrx_word' id='word_1_187' title='bbox 1389 1274 1494 1315; x_wconf 88' lang='lat' dir='ltr'>ipsum</span> <span class='ocrx_word' id='word_1_188' title='bbox 1526 1283 1626 1311; x_wconf 86' lang='lat' dir='ltr'>vero,</span> <span class='ocrx_word' id='word_1_189' title='bbox 1664 1273 1742 1316; x_wconf 87' lang='lat' dir='ltr'>quid</span> <span class='ocrx_word' id='word_1_190' title='bbox 1766 1281 1813 1305; x_wconf 86' lang='lat' dir='ltr'>est</span> 
     </span>
     <span class='ocr_line' id='line_1_21' title="bbox 351 1328 1811 1376; baseline -0.004 -10"><span class='ocrx_word' id='word_1_191' title='bbox 351 1334 454 1372; x_wconf 83' lang='lat' dir='ltr'>aliud,</span> <span class='ocrx_word' id='word_1_192' title='bbox 486 1343 580 1376; x_wconf 86' lang='lat' dir='ltr'>quam</span> <span class='ocrx_word' id='word_1_193' title='bbox 615 1332 860 1375; x_wconf 81' lang='lat' dir='ltr'>philosophari?</span> <span class='ocrx_word' id='word_1_194' title='bbox 904 1333 1092 1366; x_wconf 85' lang='lat' dir='ltr'>Enimvero.</span> <span class='ocrx_word' id='word_1_195' title='bbox 1132 1341 1236 1373; x_wconf 88' lang='lat' dir='ltr'>neque</span> <span class='ocrx_word' id='word_1_196' title='bbox 1266 1340 1303 1361; x_wconf 84' lang='lat' dir='ltr'>ex</span> <span class='ocrx_word' id='word_1_197' title='bbox 1337 1328 1432 1359; x_wconf 87' lang='lat' dir='ltr'>altera</span> <span class='ocrx_word' id='word_1_198' title='bbox 1464 1328 1667 1359; x_wconf 75' lang='lat' dir='ltr'>diffitendum</span> <span class='ocrx_word' id='word_1_199' title='bbox 1701 1336 1811 1372; x_wconf 85' lang='lat' dir='ltr'>parte,</span> 
     </span>
     <span class='ocr_line' id='line_1_22' title="bbox 347 1385 1811 1434; baseline -0.002 -13"><span class='ocrx_word' id='word_1_200' title='bbox 347 1390 513 1434; x_wconf 81' lang='lat' dir='ltr'>plerasque</span> <span class='ocrx_word' id='word_1_201' title='bbox 527 1412 535 1425; x_wconf 90' lang='lat'>,</span> <span class='ocrx_word' id='word_1_202' title='bbox 559 1399 638 1430; x_wconf 89' lang='lat' dir='ltr'>quas</span> <span class='ocrx_word' id='word_1_203' title='bbox 661 1388 758 1419; x_wconf 90' lang='lat' dir='ltr'>modo</span> <span class='ocrx_word' id='word_1_204' title='bbox 784 1390 1021 1426; x_wconf 86' lang='lat' dir='ltr'>recensuimus,</span> <span class='ocrx_word' id='word_1_205' title='bbox 1045 1387 1205 1419; x_wconf 80' lang='lat' dir='ltr'>doctrinas</span> <span class='ocrx_word' id='word_1_206' title='bbox 1225 1387 1340 1418; x_wconf 86' lang='lat' dir='ltr'>versari</span> <span class='ocrx_word' id='word_1_207' title='bbox 1356 1389 1388 1418; x_wconf 82' lang='lat' dir='ltr'>iu</span> <span class='ocrx_word' id='word_1_208' title='bbox 1414 1385 1509 1417; x_wconf 81' lang='lat' dir='ltr'>rebus</span> <span class='ocrx_word' id='word_1_209' title='bbox 1527 1387 1560 1416; x_wconf 90' lang='lat' dir='ltr'>in</span> <span class='ocrx_word' id='word_1_210' title='bbox 1579 1385 1662 1417; x_wconf 84' lang='lat' dir='ltr'>facto</span> <span class='ocrx_word' id='word_1_211' title='bbox 1679 1387 1811 1429; x_wconf 82' lang='lat' dir='ltr'>positis,</span> 
     </span>
     <span class='ocr_line' id='line_1_23' title="bbox 351 1441 1809 1489; baseline -0.002 -12"><span class='ocrx_word' id='word_1_212' title='bbox 351 1445 465 1489; x_wconf 90' lang='lat' dir='ltr'>(quod</span> <span class='ocrx_word' id='word_1_213' title='bbox 489 1452 519 1475; x_wconf 87' lang='lat' dir='ltr'>et</span> <span class='ocrx_word' id='word_1_214' title='bbox 544 1445 610 1487; x_wconf 80' lang='lat' dir='ltr'>ipsa</span> <span class='ocrx_word' id='word_1_215' title='bbox 633 1447 790 1475; x_wconf 67' lang='lat' dir='ltr'>Historiae</span> <span class='ocrx_word' id='word_1_216' title='bbox 815 1443 977 1476; x_wconf 73' lang='lat' dir='ltr'>Naturalis</span> <span class='ocrx_word' id='word_1_217' title='bbox 1004 1444 1223 1475; x_wconf 87' lang='lat' dir='ltr'>denominatio</span> <span class='ocrx_word' id='word_1_218' title='bbox 1251 1442 1414 1484; x_wconf 87' lang='lat' dir='ltr'>indicat),</span> <span class='ocrx_word' id='word_1_219' title='bbox 1443 1449 1475 1473; x_wconf 83' lang='lat' dir='ltr'>et</span> <span class='ocrx_word' id='word_1_220' title='bbox 1499 1445 1619 1485; x_wconf 88' lang='lat' dir='ltr'>optime</span> <span class='ocrx_word' id='word_1_221' title='bbox 1648 1441 1710 1473; x_wconf 83' lang='lat' dir='ltr'>illis</span> <span class='ocrx_word' id='word_1_222' title='bbox 1741 1442 1809 1475; x_wconf 83' lang='lat' dir='ltr'>dari</span> 
     </span>
     <span class='ocr_line' id='line_1_24' title="bbox 348 1498 1813 1546; baseline -0.003 -11"><span class='ocrx_word' id='word_1_223' title='bbox 348 1513 475 1546; x_wconf 83' lang='lat' dir='ltr'>operam</span> <span class='ocrx_word' id='word_1_224' title='bbox 499 1501 539 1532; x_wconf 89' lang='lat' dir='ltr'>ab</span> <span class='ocrx_word' id='word_1_225' title='bbox 569 1511 624 1537; x_wconf 83' lang='lat' dir='ltr'>eo,</span> <span class='ocrx_word' id='word_1_226' title='bbox 658 1501 713 1543; x_wconf 91' lang='lat' dir='ltr'>qui</span> <span class='ocrx_word' id='word_1_227' title='bbox 741 1499 1001 1542; x_wconf 85' lang='lat' dir='ltr'>diligentissime,</span> <span class='ocrx_word' id='word_1_228' title='bbox 1032 1506 1062 1531; x_wconf 88' lang='lat' dir='ltr'>et</span> <span class='ocrx_word' id='word_1_229' title='bbox 1094 1500 1190 1532; x_wconf 92' lang='lat' dir='ltr'>nullis</span> <span class='ocrx_word' id='word_1_230' title='bbox 1217 1499 1389 1532; x_wconf 82' lang='lat' dir='ltr'>offuscatus</span> <span class='ocrx_word' id='word_1_231' title='bbox 1420 1499 1629 1542; x_wconf 85' lang='lat' dir='ltr'>opinionibus</span> <span class='ocrx_word' id='word_1_232' title='bbox 1655 1498 1813 1542; x_wconf 86' lang='lat' dir='ltr'>praejudi-</span> 
     </span>
     <span class='ocr_line' id='line_1_25' title="bbox 351 1556 1811 1602; baseline -0.004 -11"><span class='ocrx_word' id='word_1_233' title='bbox 351 1561 428 1591; x_wconf 82' lang='lat' dir='ltr'>catis</span> <span class='ocrx_word' id='word_1_234' title='bbox 450 1561 549 1602; x_wconf 88' lang='lat' dir='ltr'>ipsam</span> <span class='ocrx_word' id='word_1_235' title='bbox 582 1560 733 1590; x_wconf 85' lang='lat' dir='ltr'>Naturam</span> <span class='ocrx_word' id='word_1_236' title='bbox 756 1558 912 1590; x_wconf 87' lang='lat' dir='ltr'>observet.</span> <span class='ocrx_word' id='word_1_237' title='bbox 956 1560 1119 1598; x_wconf 86' lang='lat' dir='ltr'>Quaenam</span> <span class='ocrx_word' id='word_1_238' title='bbox 1148 1557 1226 1589; x_wconf 88' lang='lat' dir='ltr'>olim</span> <span class='ocrx_word' id='word_1_239' title='bbox 1254 1563 1395 1588; x_wconf 87' lang='lat' dir='ltr'>monstra</span> <span class='ocrx_word' id='word_1_240' title='bbox 1417 1556 1605 1595; x_wconf 82' lang='lat' dir='ltr'>finxerunt,</span> <span class='ocrx_word' id='word_1_241' title='bbox 1641 1561 1811 1597; x_wconf 82' lang='lat' dir='ltr'>antequam</span> 
     </span>
     <span class='ocr_line' id='line_1_26' title="bbox 350 1613 1808 1656; baseline -0.003 -9"><span class='ocrx_word' id='word_1_242' title='bbox 350 1626 528 1647; x_wconf 71' lang='lat' dir='ltr'><strong>BACONIS</strong></span> <span class='ocrx_word' id='word_1_243' title='bbox 553 1616 662 1646; x_wconf 84' lang='lat' dir='ltr'>tritum</span> <span class='ocrx_word' id='word_1_244' title='bbox 686 1613 785 1652; x_wconf 90' lang='lat' dir='ltr'>illud,</span> <span class='ocrx_word' id='word_1_245' title='bbox 810 1614 864 1645; x_wconf 82' lang='lat' dir='ltr'>sed</span> <span class='ocrx_word' id='word_1_246' title='bbox 887 1624 1054 1656; x_wconf 85' lang='lat' dir='ltr'>nunquam</span> <span class='ocrx_word' id='word_1_247' title='bbox 1075 1616 1150 1645; x_wconf 83' lang='lat' dir='ltr'>satis</span> <span class='ocrx_word' id='word_1_248' title='bbox 1170 1614 1300 1650; x_wconf 83' lang='lat' dir='ltr'>tritum,</span> <span class='ocrx_word' id='word_1_249' title='bbox 1332 1613 1431 1644; x_wconf 86' lang='lat' dir='ltr'>secuti</span> <span class='ocrx_word' id='word_1_250' title='bbox 1449 1619 1526 1643; x_wconf 87' lang='lat' dir='ltr'>suut</span> <span class='ocrx_word' id='word_1_251' title='bbox 1553 1622 1659 1642; x_wconf 85' lang='lat' dir='ltr'>rerum</span> <span class='ocrx_word' id='word_1_252' title='bbox 1682 1618 1808 1642; x_wconf 79' lang='lat' dir='ltr'>natura-</span> 
     </span>
     <span class='ocr_line' id='line_1_27' title="bbox 352 1666 1812 1711; baseline -0.003 -7"><span class='ocrx_word' id='word_1_253' title='bbox 352 1673 432 1704; x_wconf 88' lang='lat' dir='ltr'>lium</span> <span class='ocrx_word' id='word_1_254' title='bbox 467 1672 618 1703; x_wconf 82' lang='lat' dir='ltr'>studiosi:</span> <span class='ocrx_word' id='word_1_255' title='bbox 650 1683 666 1700; x_wconf 76' lang='grc' dir='ltr'><strong>α</strong></span> <span class='ocrx_word' id='word_1_256' title='bbox 688 1670 776 1702; x_wconf 79' lang='lat' dir='ltr'>Nihil</span> <span class='ocrx_word' id='word_1_257' title='bbox 814 1670 1057 1711; x_wconf 74' lang='lat' dir='ltr'>excogitandum</span> <span class='ocrx_word' id='word_1_258' title='bbox 1089 1676 1142 1700; x_wconf 91' lang='lat' dir='ltr'>aut</span> <span class='ocrx_word' id='word_1_259' title='bbox 1175 1668 1383 1711; x_wconf 84' lang='lat' dir='ltr'>fingendum,</span> <span class='ocrx_word' id='word_1_260' title='bbox 1423 1667 1478 1699; x_wconf 81' lang='lat' dir='ltr'>sed</span> <span class='ocrx_word' id='word_1_261' title='bbox 1507 1666 1701 1705; x_wconf 84' lang='lat' dir='ltr'>videndum,</span> <span class='ocrx_word' id='word_1_262' title='bbox 1732 1666 1812 1710; x_wconf 82' lang='lat' dir='ltr'>quid</span> 
     </span>
     <span class='ocr_line' id='line_1_28' title="bbox 353 1723 1815 1768; baseline -0.002 -11"><span class='ocrx_word' id='word_1_263' title='bbox 353 1742 367 1757; x_wconf 68' lang='lat' dir='ltr'><em>u</em></span> <span class='ocrx_word' id='word_1_264' title='bbox 395 1735 506 1760; x_wconf 85' lang='lat' dir='ltr'>natura</span> <span class='ocrx_word' id='word_1_265' title='bbox 528 1728 618 1759; x_wconf 70' lang='lat' dir='ltr'>saciat</span> <span class='ocrx_word' id='word_1_266' title='bbox 642 1726 690 1758; x_wconf 85' lang='lat' dir='ltr'>vel</span> <span class='ocrx_word' id='word_1_267' title='bbox 717 1725 833 1757; x_wconf 86' lang='lat' dir='ltr'>ferat!”</span> <span class='ocrx_word' id='word_1_268' title='bbox 885 1730 988 1766; x_wconf 83' lang='lat' dir='ltr'>Quam</span> <span class='ocrx_word' id='word_1_269' title='bbox 1017 1736 1142 1757; x_wconf 81' lang='lat' dir='ltr'>auream</span> <span class='ocrx_word' id='word_1_270' title='bbox 1172 1726 1312 1768; x_wconf 75' lang='lat' dir='ltr'>regulam</span> <span class='ocrx_word' id='word_1_271' title='bbox 1341 1725 1416 1767; x_wconf 85' lang='lat' dir='ltr'>qui,</span> <span class='ocrx_word' id='word_1_272' title='bbox 1442 1723 1490 1755; x_wconf 88' lang='lat' dir='ltr'>vel</span> <span class='ocrx_word' id='word_1_273' title='bbox 1514 1730 1621 1755; x_wconf 82' lang='lat' dir='ltr'>nostra</span> <span class='ocrx_word' id='word_1_274' title='bbox 1643 1724 1815 1762; x_wconf 86' lang='lat' dir='ltr'>memoria,</span> 
     </span>
     <span class='ocr_line' id='line_1_29' title="bbox 353 1780 1813 1827; baseline -0.003 -12"><span class='ocrx_word' id='word_1_275' title='bbox 353 1786 551 1827; x_wconf 82' lang='lat' dir='ltr'>migrarunt,</span> <span class='ocrx_word' id='word_1_276' title='bbox 587 1784 766 1825; x_wconf 80' lang='lat' dir='ltr'>proposita,</span> <span class='ocrx_word' id='word_1_277' title='bbox 797 1793 892 1825; x_wconf 87' lang='lat' dir='ltr'>quam</span> <span class='ocrx_word' id='word_1_278' title='bbox 916 1790 1083 1821; x_wconf 85' lang='lat' dir='ltr'>vocarent,</span> <span class='ocrx_word' id='word_1_279' title='bbox 1113 1785 1259 1815; x_wconf 84' lang='lat' dir='ltr'>Naturae</span> <span class='ocrx_word' id='word_1_280' title='bbox 1277 1780 1502 1824; x_wconf 69' lang='lat' dir='ltr'>philosophia,</span> <span class='ocrx_word' id='word_1_281' title='bbox 1525 1780 1750 1823; x_wconf 86' lang='lat' dir='ltr'>postmodum,</span> <span class='ocrx_word' id='word_1_282' title='bbox 1777 1786 1813 1811; x_wconf 91' lang='lat' dir='ltr'>ut</span> 
     </span>
     <span class='ocr_line' id='line_1_30' title="bbox 353 1836 1813 1883; baseline -0.003 -12"><span class='ocrx_word' id='word_1_283' title='bbox 353 1842 478 1871; x_wconf 87' lang='lat' dir='ltr'>saniore</span> <span class='ocrx_word' id='word_1_284' title='bbox 501 1845 605 1870; x_wconf 81' lang='lat' dir='ltr'>essent</span> <span class='ocrx_word' id='word_1_285' title='bbox 629 1845 757 1879; x_wconf 86' lang='lat' dir='ltr'>mente,</span> <span class='ocrx_word' id='word_1_286' title='bbox 790 1839 831 1869; x_wconf 87' lang='lat' dir='ltr'>ita</span> <span class='ocrx_word' id='word_1_287' title='bbox 859 1839 952 1870; x_wconf 84' lang='lat' dir='ltr'>citius</span> <span class='ocrx_word' id='word_1_288' title='bbox 975 1839 1014 1869; x_wconf 87' lang='lat' dir='ltr'>ad</span> <span class='ocrx_word' id='word_1_289' title='bbox 1040 1841 1181 1883; x_wconf 86' lang='lat' dir='ltr'>ipsorum</span> <span class='ocrx_word' id='word_1_290' title='bbox 1220 1839 1516 1881; x_wconf 83' lang='lat' dir='ltr'>phaenomenorum</span> <span class='ocrx_word' id='word_1_291' title='bbox 1540 1836 1813 1875; x_wconf 69' lang='lat' dir='ltr'>observationem,</span> 
     </span>
     <span class='ocr_line' id='line_1_31' title="bbox 352 1893 1814 1938; baseline -0.003 -10"><span class='ocrx_word' id='word_1_292' title='bbox 352 1897 408 1928; x_wconf 82' lang='lat' dir='ltr'>sed</span> <span class='ocrx_word' id='word_1_293' title='bbox 444 1895 630 1927; x_wconf 67' lang='lat' dir='ltr'>rationalem</span> <span class='ocrx_word' id='word_1_294' title='bbox 664 1895 774 1933; x_wconf 85' lang='lat' dir='ltr'>illam,</span> <span class='ocrx_word' id='word_1_295' title='bbox 816 1901 891 1926; x_wconf 86' lang='lat' dir='ltr'>suut</span> <span class='ocrx_word' id='word_1_296' title='bbox 933 1897 1057 1927; x_wconf 80' lang='lat' dir='ltr'>reversi.</span> <span class='ocrx_word' id='word_1_297' title='bbox 1122 1895 1206 1927; x_wconf 87' lang='lat' dir='ltr'>Novi</span> <span class='ocrx_word' id='word_1_298' title='bbox 1239 1894 1388 1938; x_wconf 79' lang='lat' dir='ltr'>equidem</span> <span class='ocrx_word' id='word_1_299' title='bbox 1425 1895 1540 1933; x_wconf 89' lang='lat' dir='ltr'>Viros,</span> <span class='ocrx_word' id='word_1_300' title='bbox 1574 1893 1814 1924; x_wconf 74' lang='lat' dir='ltr'>Maclzematices</span> 
     </span>
     <span class='ocr_line' id='line_1_32' title="bbox 1740 1954 1816 1980; baseline 0 0"><span class='ocrx_word' id='word_1_301' title='bbox 1740 1954 1816 1980; x_wconf 56' lang='lat' dir='ltr'>‘siu‘</span> 
     </span>
    </p>
   </div>
  </div>
 </body>
</html>
