1946 2517
907 73 920 80 a

418 156 736 190 COMMENTATIO
757 164 792 185 IN
813 153 1116 193 QUAESTIONEM
1145 156 1356 189 MEDICAM.
1615 171 1650 200 39

139 253 246 278 etur-am
267 245 458 282 glandularem
477 244 506 272 in
527 242 628 278 hepate
644 238 924 283 demonstravimusg
948 239 1043 268 omnia
1068 239 1156 277 igitur
1174 241 1221 270 hic
1247 241 1385 270 habemus
1400 249 1415 270 e
1438 242 1544 278 quibus
1563 244 1647 281 juxta

138 306 264 328 normam
280 295 464 332 expositam,
486 293 553 322 bilis
575 292 696 321 secretio
717 292 812 319 locum
836 291 936 318 habere
953 297 1057 328 potest.

172 350 229 379 Sed
249 355 357 386 praeter
380 347 430 375 has
455 352 571 383 partes,
594 346 628 373 ad
645 344 732 379 hepar
751 343 842 371 adhuc
870 343 994 372 decurrit
1015 343 1191 380 descriptum
1219 344 1290 374 illud
1313 352 1441 381 systema
1470 355 1555 376 venae
1585 358 1652 384 por.

135 408 245 435 tarum,
267 399 297 428 in
325 406 446 435 corpore
470 398 597 426 humano
620 396 758 431 unicum,
788 403 852 424 cum
878 395 972 424 simile
999 402 1124 431 systema
1148 398 1184 426 ad
1208 398 1278 427 alias
1304 398 1452 434 glandulas
1480 400 1650 436 sanguinem

133 461 191 482 non
211 452 303 480 ducit.

170 503 254 532 Hanc
277 509 395 532 naturae
411 500 600 530 recessionem
618 499 754 535 permulti
771 497 911 533 explicare
926 503 1091 534 tentarunt,
1115 505 1141 527 et
1159 500 1306 535 plerique,
1328 506 1360 529 ut
1380 509 1468 536 supra
1486 501 1572 543 verbo
1590 503 1649 539 jam

139 555 329 589 monuimus,
353 553 577 586 concluserunt,
605 550 770 587 sanguinem
795 556 881 578 venae
904 556 1052 583 portarum
1078 549 1262 579 bililicationi
1289 552 1444 587 inservire,
1479 553 1649 589 sanguinem

139 614 206 636 vero
219 605 334 635 arteriae
344 603 490 639 hepaticae
504 602 658 631 nutritioni
676 601 814 636 visceris,
836 608 923 637 atque
940 602 1107 639 sanguinem
1123 603 1308 639 superstitem
1327 612 1341 633 a
1353 604 1432 633 venis
1451 604 1593 640 hepaticis
1612 605 1648 634 ad

136 666 235 688 venam
257 665 354 686 cavam
376 655 490 683 deduci.

174 710 204 745 §.
224 716 272 737 21.
304 707 441 735 Biliosam
461 705 601 734 materiem
619 712 677 734 non
698 704 793 741 largiri
813 704 997 741 sanguinem,
1020 712 1103 740 quem
1120 706 1233 736 advehit
1248 708 1347 737 arteria
1358 708 1486 744 hepatica
1503 716 1537 737 ex
1559 714 1647 744 capto

135 760 261 798 quodam
283 758 497 793 experimento,
515 757 596 793 quod
611 765 643 785 ex
658 757 825 795 lllszlpighio
844 758 860 791 (
871 757 915 794 a)
938 763 1075 785 memorat
1093 757 1235 787 Hallerus
1257 760 1271 796 (
1282 759 1343 796 b),
1368 766 1503 788 constare
1522 760 1646 795 valeret;

135 811 236 842 arteria
254 818 355 845 nempe
376 808 505 845 hepatica
523 808 640 837 vinculo
656 808 834 844 intercepta,
861 815 888 836 et
906 808 947 836 sic
970 808 1016 837 via
1032 810 1181 845 praeclusa
1197 811 1332 847 sanguini
1357 811 1426 840 huic
1445 820 1460 840 a
1480 812 1556 840 dicta
1577 816 1651 840 'arte-

134 865 176 893 ria
197 863 306 895 allato,
327 861 412 888 bilem
434 860 626 890 nihilominus
649 866 786 888 secretam
808 859 911 888 fuisse.

171 913 264 943 Multi
280 920 380 948 parum
400 911 503 940 virium
524 910 593 939 huic
608 911 802 947 experimento
823 911 918 940 inesse
940 919 1078 949 censent,
1100 920 1128 942 et
1153 914 1192 943 ob
1216 914 1410 943 difficultatem
1423 936 1433 952 ,
1456 923 1512 951 qua
1532 915 1647 944 institui

133 967 232 1000 valet,
254 962 478 999 experimentum
496 962 525 990 in
544 962 663 990 dubium
685 968 802 991 vocant.
843 963 950 992 Bichat
971 964 1194 1000 possibilitatem
1214 965 1280 994 talis
1301 965 1441 1002 ligaturae
1465 967 1585 996 omnino
1602 975 1650 996 ne-

134 1023 204 1053 gat,
224 1023 290 1045 curn
309 1014 386 1042 illam
403 1013 552 1042 instituere
569 1013 626 1049 ipsi
642 1022 701 1042 non
719 1014 892 1042 successerit
913 1015 992 1052 (c).
1034 1017 1162 1045 Bianchi
1180 1023 1273 1046 tamen
1291 1018 1439 1054 ligaturam
1465 1019 1554 1055 huJ‘us
1578 1026 1651 1048 arte-

133 1069 192 1098 riae
207 1067 289 1096 etiam
309 1065 473 1094 instituisse
488 1071 587 1100 patet,
609 1065 677 1092 dum
697 1064 821 1094 scribit:
850 1085 868 1101 „
890 1065 993 1101 Ligata
1012 1067 1085 1094 enim
1102 1067 1203 1095 arteria
1221 1068 1368 1104 hepatica‚
1390 1070 1502 1097 nullum
1522 1069 1647 1106 amplius

137 1139 156 1155 „
176 1128 226 1157 per
252 1119 359 1153 hepar,
380 1123 428 1144 aut
449 1122 560 1152 portam
585 1117 678 1153 vigere
698 1117 815 1153 pulsum
838 1117 869 1145 in
889 1117 967 1146 vivis
989 1117 1110 1145 canibus
1130 1118 1239 1154 experti
1260 1127 1361 1147 sumus
1374 1118 1394 1132 ''
1414 1120 1494 1158 (d).

173 1169 351 1200 Richerand
362 1169 587 1204 experimentum
606 1169 634 1197 in
651 1168 770 1197 dubium
788 1176 890 1198 vocare
908 1177 967 1198 non
984 1169 1116 1205 videtur,
1138 1169 1254 1199 affirmat
1280 1180 1347 1200 vero
1359 1192 1370 1207 ,
1391 1178 1422 1200 ut
1441 1179 1468 1201 et
1491 1172 1645 1209 mamm,

133 1223 215 1258 quod
233 1230 267 1251 ex
286 1221 335 1249 illa
350 1220 471 1256 ligatura
490 1220 577 1255 hepar
595 1220 732 1248 alimento
750 1219 903 1256 privatur,
925 1226 952 1249 et
969 1220 1012 1250 sic
1030 1221 1085 1250 hoc
1111 1222 1211 1251 viscus
1230 1222 1279 1251 vix
1300 1222 1411 1259 aliquid
1426 1225 1456 1253 in
1477 1224 1645 1261 sanguinem

131 1279 219 1301 venae
239 1278 387 1309 portarum
409 1270 516 1299 efficere
537 1270 631 1306 possit
651 1271 667 1308 (
679 1281 693 1299 c
707 1274 732 1307 ).

172 1325 202 1359 §-
223 1331 272 1351 22.
313 1321 472 1356 Impeditur
488 1327 580 1349 tamen
600 1329 694 1350 revera
720 1323 841 1352 secretio
863 1330 933 1360 post
962 1324 1110 1361 ligaturam
1139 1334 1224 1354 venae
1247 1333 1414 1362 portarum,
1437 1327 1487 1355 sed
1510 1326 1646 1362 quoniam

131 1373 285 1409 animalia,
308 1373 338 1401 in
353 1371 462 1406 quibus
486 1371 679 1407 experimenta
703 1374 768 1402 talia
792 1374 986 1403 instituuntur
1009 1376 1096 1404 nimis
1119 1376 1178 1404 cito
1203 1383 1333 1412 pereant,
1355 1383 1464 1405 certum
1490 1376 1559 1411 quid
1577 1385 1647 1404 con-

136 1425 250 1454 cludere
265 1423 379 1452 difficile
399 1429 452 1452 est.
494 1422 549 1451 Sed
567 1423 592 1451 si
609 1422 677 1452 haec
697 1425 862 1461 similiaque
881 1425 1071 1461 experimenta
1084 1448 1093 1462 ,
1113 1433 1202 1462 captu
1223 1427 1408 1462 difficillima,
1428 1427 1461 1455 ad
1478 1427 1647 1456 secretionis

135 1474 203 1503 bilis
226 1475 363 1503 theoriam
387 1473 606 1509 explicandam,
627 1474 730 1503 debilia
750 1476 921 1511 videantur,
953 1478 1184 1506 concludendum
1214 1484 1306 1507 tamen
1333 1479 1446 1507 videtur
1469 1486 1484 1507 e
1511 1487 1568 1507 non
1592 1479 1648 1507 alia

131 1526 191 1555 nisi
210 1533 244 1554 ex
263 1526 350 1554 allato
365 1532 414 1560 per
429 1532 528 1553 venam
543 1531 688 1560 portarum
706 1529 864 1564 sanguine,
887 1528 970 1556 bilem
989 1537 1075 1564 posse
1101 1530 1229 1565 secerni;
1252 1531 1277 1557 si
1303 1538 1406 1566 nempe
1433 1530 1648 1558 consideremus

135 1576 242 1611 bilem,
264 1583 324 1604 tum
346 1575 476 1603 videmus
494 1576 604 1604 laticem
623 1584 685 1606 esse
707 1577 868 1613 viscfflum,
891 1580 938 1607 cui
962 1580 1081 1608 maxima
1105 1580 1179 1609 inest
1203 1581 1287 1617 copia
1306 1581 1471 1610 carbonacei
1491 1581 1647 1616 elementi,

135 1628 221 1664 cujus
237 1627 320 1663 origo
343 1626 507 1655 difficillime
522 1627 702 1664 explicatur,
727 1629 751 1657 si
779 1629 928 1658 humorem
948 1631 1026 1660 hunc
1054 1639 1069 1659 e
1092 1632 1232 1668 sanguiue
1255 1632 1414 1667 arterioso‚
1443 1632 1490 1660 cui
1517 1632 1647 1660 carbonii

133 1686 284 1715 perparum
307 1679 400 1712 inest,
422 1685 562 1706 secretum
590 1687 771 1715 statuamus,
796 1681 862 1709 dum
884 1689 984 1711 contra
1012 1682 1085 1710 nihil
1108 1683 1160 1711 erit
1185 1683 1321 1718 obscuri,
1352 1683 1377 1711 si
1398 1693 1412 1712 e
1439 1684 1576 1719 sanguine
1600 1691 1647 1711 ve·

134 1737 185 1758 nac
205 1736 351 1765 portarum
380 1729 447 1758 bilis
478 1731 638 1759 derivemus
665 1732 828 1769 originem,
859 1741 919 1769 quo
949 1734 1062 1762 scilicet
1085 1734 1224 1771 sanguine
1250 1743 1309 1763 non
1333 1734 1406 1763 alius
1433 1736 1532 1772 majori
1555 1734 1649 1762 abun-

1601 1785 1649 1813 dat

159 1844 210 1869 (a)
233 1843 270 1865 Cf.
294 1842 451 1870 Illalpr'glulus‚
466 1843 490 1863 de
507 1845 592 1872 Liene,
613 1852 636 1872 p.
652 1849 704 1868 120.

157 1885 210 1911 <123
232 1884 270 1907 eff.
286 1884 367 1904 Haller
393 1885 463 1907 Elem.
482 1885 547 1912 Playx.
564 1886 591 1907 T.
604 1886 626 1907 6.
644 1887 728 1913 pstor.
747 1885 766 1913 S.
778 1889 815 1911 2³.
842 1890 880 1912 ef.
896 1889 1086 1919 Damas,Pn·nc.
1102 1889 1126 1910 de
1144 1889 1211 1916 Phys.
1230 1891 1259 1913 Τ.
1272 1896 1294 1918 4.
1316 1897 1338 1917 p.
1355 1895 1406 1918 590.

157 1925 210 1953 (e)
232 1925 269 1947 Cf.
285 1925 384 1951 Br'chat,
399 1927 470 1948 Anat.
487 1927 608 1955 Genemh,
625 1928 652 1951 Τ.
668 1935 686 1950 1.
707 1936 731 1956 p,
747 1936 801 1957 407.

157 1967 210 1994 (d)
232 1968 269 1989 Cf.
293 1966 409 1994 Branchi,
431 1967 494 1990 mu.
511 1968 562 1994 Περ,
585 1970 610 1991 Τ.
626 1975 642 1991 ι.
660 1977 683 1997 p.
701 1976 721 1992 ι.
737 1977 788 1999 cap.
805 1974 825 1996 8.

159 2007 202 2036 (a)
229 2009 268 2032 ct.
285 2007 432 2036 archarum,
446 2008 516 2032 Elem.
530 2008 555 2030 de
571 2009 637 2036 Ριψ,
652 2012 681 2034 Τ.
694 2016 715 2035 ι.
730 2020 754 2040 p.
771 2020 823 2043 2⁰4·
856 2014 895 2038 Cf.
910 2014 1028 2042 Wamur,
1045 2013 1112 2039 Phys.
1128 2013 1153 2036 Β.
1167 2019 1187 2036 ι.
1211 2019 1235 2041 p.
1250 2018 1300 2035 220.
1313 2012 1332 2038 S.
1346 2012 1384 2038 86.
