1946 2517
282 186 603 221 COMMENTATIO
622 196 665 219 ΔΙ)
685 186 988 227 QUAESTIONEM
1010 188 1376 221 MATHEMATIOAM.
1551 199 1584 226 17

79 271 223 310 Quamvis
250 271 290 299 sic
315 280 433 308 quoque
458 271 526 300 haec
548 271 643 308 regula
667 270 792 300 Guldini
813 272 982 308 pertinuerit
1005 272 1040 302 ad
1058 273 1141 307 plana
1165 280 1197 301 ex
1219 272 1360 300 rotatione
1385 275 1466 305 orta,
1499 270 1579 300 facile

79 328 173 350 tamen
195 322 387 358 intelligitur,
410 322 630 358 applicationem
652 323 713 359 ejus
738 322 944 358 superficiebus
971 331 998 352 et
1027 325 1150 360 solidis,
1171 331 1206 352 ex
1228 321 1371 351 tutatione
1392 322 1527 350 linearum
1553 330 1579 350 et

79 372 230 409 planorum
259 373 335 402 circa
356 373 422 402 axin
444 372 537 408 ortis,
563 372 655 401 multo
677 371 898 408 frequentiorem
921 382 985 403 esse
1005 375 1086 412 (1).

119 542 181 572 Hac
201 544 296 580 regula
317 543 414 579 itaque
436 543 594 579 explicata,
616 540 748 576 sequitur
762 541 860 578 Caput
875 542 1026 578 explicans
1042 542 1249 581 Quadraturam
1269 543 1432 573 curvarum
1452 550 1485 571 ex
1505 542 1583 578 prin·

79 595 164 631 cipiis
187 594 302 624 Calculi
324 593 527 623 Differentialis
560 599 589 622 et
612 593 775 629 integralis.
821 592 869 633 Ne
897 593 963 629 quis
997 602 1066 623 vero
1097 602 1182 631 putet
1211 595 1317 624 interea
1342 594 1480 630 temporis
1513 594 1587 622 Pro-

78 646 170 675 blema
192 651 323 674 nostruin
346 645 452 673 nullam
480 644 599 674 omnino
619 643 832 680 promotionem
861 645 999 674 subiisse.
1041 645 1141 674 seculi
1165 645 1240 674 enim
1260 645 1330 674 XVI
1354 651 1382 673 et
1400 644 1484 673 xvn
1504 645 1583 673 viros

79 696 112 725 in
134 696 261 724 Mathesi
286 696 497 732 prodiderunt,
517 704 594 737 quos
620 701 700 732 grata
720 696 876 732 posteritas
897 696 1031 725 laudibus
1056 703 1132 725 certe
1150 705 1261 733 semper
1286 695 1450 725 celebrabit.
1492 695 1585 723 Multi

78 747 153 776 inter
174 747 239 775 illos
267 746 475 784 Quadraturam
497 746 657 776 Curvarum
691 753 845 783 curarunt,
877 747 921 775 uti
945 747 1135 783 Fet-matius,
1165 747 1388 782 Kobe-mallius,
1412 746 1583 783 Wallisius,

73 798 245 835 flagremus,
266 798 487 835 Brounckerus,
507 797 662 826 Pascalius
682 798 810 833 aliique3
833 805 956 834 quorum
980 797 1115 827 Methodi
1145 804 1237 827 tamen
1259 799 1348 835 magis
1376 798 1499 835 singulis
1518 805 1584 826 cur·

74 847 120 877 vis
143 856 220 877 erant
244 847 495 884 accommodatae,
525 857 610 884 quam
639 847 754 883 quidem
778 849 813 877 ad
836 849 990 884 generalem
1017 848 1139 884 aliquam
1167 849 1265 878 reduci
1289 855 1420 885 possent.
1470 849 1585 885 Separa-

73 897 106 929 to
127 900 223 935 itaque
246 901 350 936 Capite
371 900 474 928 horum
497 899 613 928 inventa
644 906 786 934 exponere
808 898 921 927 difficile
939 898 1025 927 nobis
1044 899 1140 927 visum
1168 899 1237 928 fuit.
1278 899 1385 928 Melius
1411 907 1478 936 ergo
1503 899 1586 928 duxi·

74 955 140 980 mus
170 951 199 979 in
227 952 373 980 tractanda
397 959 513 987 quaque
539 958 628 979 curva
654 944 815 986 in'Capite
840 949 972 986 sequenti
999 949 1111 980 brevem
1137 950 1280 987 cujusque
1304 950 1453 978 historiam
1483 950 1583 987 adjun-

76 1005 152 1037 gere.
204 1000 281 1029 Raro
308 1007 400 1029 autern
427 1001 635 1038 Quadraturam
664 1001 699 1029 ab
722 1000 823 1035 aliquo
853 1000 1018 1037 inventam,
1045 1009 1097 1029 nec
1125 1002 1277 1037 principiis
1306 1001 1420 1031 Calculi
1445 1000 1584 1029 Differen-

71 1052 149 1081 tiaiis
177 1059 204 1081 et
230 1055 378 1090 Integralis
408 1055 542 1083 nitentem
562 1049 574 1090 ‚¹
599 1055 803 1089 exhibuimus,
838 1061 904 1082 cum
936 1051 1001 1080 illae
1032 1060 1115 1088 saepe
1154 1052 1239 1081 nimis
1274 1053 1375 1089 longae
1410 1053 1488 1087 sint,
1528 1060 1580 1080 nec

72 1104 144 1133 adeo
171 1105 294 1133 muitum
319 1105 355 1134 ad
378 1114 500 1142 scopum
526 1105 644 1134 faciant.
686 1106 731 1135 Eo
756 1105 822 1133 loco
845 1110 938 1133 tamen
955 1123 965 1138 ,
998 1103 1048 1131 ubi
1075 1103 1109 1132 de
1125 1103 1301 1141 Quadratura
1320 1102 1500 1139 Hyperbolae
1519 1103 1579 1139 egi*-

71 1163 158 1191 mus,
183 1155 306 1184 breviter
335 1157 492 1195 adjecimus
518 1157 714 1192 Mefflodurn,
743 1164 799 1193 qua
826 1164 896 1185 usus
918 1161 961 1183 est
982 1155 1029 1184 ΙΙΙ.
1049 1153 1130 1183 Lord
1155 1154 1324 1182 Brouncker
1342 1154 1371 1182 in
1400 1153 1578 1183 inveniendis

73 1205 200 1235 seriebus
223 1206 345 1236 infinitis
370 1216 423 1243 pro
447 1216 509 1236 area
535 1208 623 1245 hujus
645 1216 760 1237 curvae.
798 1207 863 1236 Hoc
880 1210 982 1235 'unum
1011 1205 1104 1234 adhuc
1132 1205 1161 1233 in
1186 1204 1306 1241 gloriam
1330 1205 1436 1240 patriae
1467 1210 1582 1234 nostrae

71 1257 172 1286 addere
195 1258 299 1293 liceat,
329 1265 471 1288 nostrates
495 1259 524 1287 in
555 1260 606 1287 hac
630 1258 798 1288 Matheseos
821 1257 1001 1287 sublimioris
1024 1263 1128 1292 parte,
1156 1256 1264 1284 ratione
1289 1255 1385 1284 habita
1412 1264 1514 1291 parvae
1538 1263 1581 1283 re-

69 1305 189 1345 gionis,
225 1315 296 1345 quae
321 1302 370 1339 eos
398 1311 489 1346 aluit,
523 1319 583 1340 non
615 1310 766 1340 minimum
793 1311 891 1340 locum
915 1316 1074 1344 occupare;
1100 1307 1175 1337 inter
1196 1314 1273 1344 quos
1301 1306 1347 1336 vel
1370 1314 1460 1351 unum
1477 1306 1580 1343 Hage-

69 1357 154 1390 nium
180 1352 346 1390 nominasse
367 1360 522 1391 suffecerit.

95 1498 161 1527 (ι)“
172 1499 242 1522 Conf-
264 1501 292 1522 de
314 1499 414 1523 Guldino
434 1501 528 1529 ejusque
547 1502 624 1528 regula
643 1501 776 1528 Mamuda,
803 1502 870 1524 Tom.
886 1501 915 1523 11.
938 1506 989 1529 pag.
1004 1505 1029 1526 31
1049 1505 1073 1522 et
1093 1505 1172 1527 seqq.‚
1193 1498 1288 1526 Klugcl,
1310 1498 1333 1520 in
1355 1504 1414 1527 voce
1437 1498 1579 1519 Genua-bu-

62 1545 117 1567 ryca
145 1540 284 1565 sslcehodu5‚·
311 1541 456 1568 L'flm'llier,
483 1543 523 1570 ep,
549 1543 592 1566 sit,
622 1543 678 1570 Cap,
698 1547 732 1571 ¹⁴·
762 1547 784 1564 et
798 1542 938 1569 Frnucoeur,
965 1540 1044 1561 ‘lraite
1069 1533 1224 1562 Elementaire
1253 1539 1279 1560 do
1304 1539 1458 1568 Μέεαιιίῃιε,
1491 1539 1543 1563 Liv.
1561 1540 1577 1562 1.

63 1581 139 1618 (ΞΠ-ιιι.
157 1581 185 1604 11.
212 1582 259 1605 No.
272 1588 297 1609 4.

804 1767 845 1809 ‘3:2³

879 2048 905 2076 C
1404 2046 1573 2076 CAPUT
