1946 2517
272 220 316 252 70
636 203 750 244 JANI
789 197 1042 231 RUDOLPHI
1081 204 1151 229 VAN
1191 194 1421 231 MAANEN

279 292 429 325 functioni
447 289 612 321 secundaria
624 308 634 324 ,
653 283 922 324 dephlogisticando
937 289 1039 318 nempe
1055 282 1169 311 allatum
1190 291 1240 320 per
1257 291 1355 312 venam
1372 288 1518 319 portarum
1533 285 1697 321 sanguinem
1709 286 1724 316 2

321 348 352 383 s.
374 353 402 375 2,
441 343 487 372 Ex
513 342 548 369 iis
574 347 646 376 quae
666 336 902 375 pertractavimus
916 355 926 370 ,
947 333 1072 364 vidimus
1098 341 1210 363 omnem
1235 334 1419 370 sanguinem,
1443 334 1495 370 qui
1518 335 1553 362 ad
1570 335 1707 372 pleraque
1727 337 1783 366 vis.

284 407 348 428 cera
362 393 553 426 abdominalia
569 392 704 426 ducitur,
724 395 875 424 antequam
901 386 936 416 ad
957 393 1009 414 cor
1025 391 1052 413 et
1073 386 1225 421 pulmones
1244 385 1393 414 revehatur
1405 405 1417 421 ,
1444 386 1530 421 hepar
1549 393 1650 415 versus
1670 387 1783 419 deferri.

285 450 320 479 In
339 449 394 477 hoc
417 447 526 474 viscere
540 444 575 473 ab
592 443 650 472 illis
669 440 842 479 principiis,
864 445 936 474 quae
952 437 983 465 in
998 441 1126 464 nostram
1144 443 1272 465 naturam
1290 436 1442 465 assimilari
1469 443 1635 472 nequeunt,
1656 446 1708 474 pro
1731 446 1788 467 ma.

287 501 362 531 xima
380 504 459 535 parte
478 496 591 526 liberari
606 495 739 529 videtur,
760 499 787 521 et
810 491 925 527 quidem
944 487 1114 525 *praesertim
1131 495 1146 516 a
1169 487 1319 523 particulis
1337 487 1402 516 fixis
1419 495 1468 523 per
1486 487 1670 516 secretionem
1697 488 1784 525 bilis⁸

286 552 353 580 dum
372 549 500 586 volatilia
517 556 590 584 quae
604 551 766 580 remanent,
786 544 822 573 ad
838 542 992 579 pulmones
1008 540 1119 575 delata,
1139 539 1301 577 operationi
1327 539 1472 569 chemicae
1491 538 1685 576 subjiciuntur
1700 546 1728 568 et
1742 547 1791 569 ex-

281 602 423 640 piratione
443 604 644 630 excernuntur.
1455 594 1467 600 ’“

322 656 352 691 §-
375 662 403 690 3.
443 652 474 681 Si
492 658 569 680 nunc
584 647 920 686 praeterea'attendamus
938 645 972 674 ad
989 646 1107 683 hepatis
1121 646 1380 683 .amlogiam‚„cum
1405 645 1613 682 pulmonibus;
1636 652 1791 683 utrumque

282 707 383 736 viscus
408 705 484 733 enim
510 703 613 739 gaudet
639 700 749 737 duplici
776 697 1089 736 systemate'vasorum
1119 697 1286 733 sanguinem
1305 696 1543 733 continentium,
1575 699 1667 727 alente
1689 706 1791 736 nempe

287 758 379 787 altero
391 775 402 791 ,
422 755 511 783 altero
527 760 620 782 autem
638 752 843 789 depuratori03
865 756 892 779 et
907 751 1051 779 aerenum
1071 750 1253 786 eundemque
1271 749 1374 778 horum
1397 749 1541 777 viscerum
1567 756 1719 778 nervorum
1735 748 1793 778 ori-

287 809 400 845 ginem,
422 814 473 834 nec
500 813 558 834 non
583 806 617 836 ad
642 800 1042 839 morbos·anaiogos·‚2cum
1068 801 1100 829 in
1127 801 1259 836 utrisque
1286 800 1501 835 indurationes‚
1531 799 1791 835 inflammationes,

290 857 539 895 suppurationes,
561 862 634 885 caet.
659 856 724 893 (a)
757 853 920 889 frequenter
944 852 1156 886 observentur,
1186 851 1417 880 concludendum
1443 849 1578 884 videtur,
1608 849 1715 885 hepar,
1735 849 1791 878 hoc

292 916 446 947 respectu,
467 909 633 945 pulmonem
652 906 850 936 secundarium
870 906 927 934 dici
953 913 1059 941 posse3
1085 903 1164 940 quod
1185 903 1247 937 uti,
1270 903 1305 931 ab
1337 910 1393 930 una
1415 907 1514 937 parte,
1536 908 1651 937 arguere
1674 901 1732 937 jam
1753 899 1795 929 vi-

291 963 394 992 dentur
411 960 549 997 plurimae
566 958 801 993 observationes,
824 956 930 993 quibus
947 961 1082 991 constat,
1102 955 1197 991 maius
1215 962 1277 982 esse
1297 953 1385 988 hepar
1405 952 1440 981 iis
1459 953 1489 980 in
1509 951 1703 986 animalibus,
1725 959 1797 987 quae

290 1015 320 1044 in
337 1015 400 1042 ae're
417 1012 513 1040 minus
531 1019 605 1047 puro
628 1009 713 1038 vitam
737 1010 845 1045 degunt
871 1008 959 1043 inque
983 1007 1039 1041 iis,
1061 1014 1134 1042 quae
1161 1005 1285 1041 piscium
1314 1011 1391 1032 more
1415 1003 1444 1031 in
1472 1003 1556 1038 aquis
1583 1002 1686 1030 vivunt
1707 1009 1796 1037 seque

292 1064 500 1098 submergunt,
520 1061 564 1089 uti
584 1061 613 1089 in
637 1067 749 1088 castore
774 1059 804 1087 in
824 1060 898 1094 lutra
921 1057 1062 1094 aliisque,
1085 1064 1136 1085 nec
1160 1064 1220 1084 non
1239 1056 1268 1083 in
1285 1056 1341 1089 iis,
1362 1062 1434 1090 quae
1451 1061 1500 1089 pei·
1517 1053 1630 1088 aliquot
1644 1053 1711 1081 anni
1727 1059 1799 1082 tem-

291 1122 348 1150 pus
366 1111 489 1142 dormire
513 1111 609 1140 solent
630 1109 669 1146 (b
680 1110 707 1146 ).
748 1108 796 1137 Sic
811 1109 847 1137 ab
862 1109 947 1136 altera
968 1113 1047 1142 parte
1062 1098 1163 1143 ingens
1188 1105 1422 1135 observationum
1445 1112 1581 1133 numerus
1597 1104 1631 1132 de
1648 1111 1733 1134 aucto
1749 1105 1801 1133 he-

292 1164 368 1201 patis
388 1161 535 1192 volumine
552 1163 581 1190 in
597 1161 652 1196 iis,
675 1168 799 1196 quorum
816 1159 988 1196 pulmonum
1007 1157 1125 1186 functio
1142 1157 1256 1186 turbata
1273 1156 1387 1191 fuerat,
1409 1156 1482 1184 idem
1502 1155 1573 1183 illud
1590 1155 1675 1183 latius
1693 1155 1799 1184 conflr-

291 1223 367 1244 mare
385 1213 456 1242 mihi
472 1213 615 1242 videntur.
658 1211 705 1240 Sic
732 1212 762 1240 in
784 1211 939 1247 phthisicis
966 1209 1056 1246 hepar
1078 1208 1204 1247 insignis
1233 1207 1390 1238 voluminis
1415 1206 1555 1244 reperitur
1577 1212 1606 1235 et
1628 1207 1802 1244 pulmonum

294 1260 456 1296 functionis
477 1264 555 1293 vices
577 1271 670 1299 gerere
690 1262 804 1291 videtur
825 1260 897 1299 (c).

337 1318 432 1346 Nasse
454 1316 617 1344 observavit
635 1315 665 1344 in
681 1316 816 1343 cadavere
834 1314 888 1342 viri
906 1304 944 1343 {26
962 1319 1101 1342 annorum
1113 1332 1127 1348 ,
1152 1309 1202 1347 qui
1226 1309 1336 1347 phthisi
1360 1308 1520 1346 pulmonali
1542 1309 1718 1339 laboraverat
1734 1310 1803 1347 pul-

296 1377 396 1399 mones
414 1368 578 1396 destructos
594 1372 623 1394 et
639 1366 726 1401 hepar
742 1366 773 1393 in
792 1364 907 1400 insigne
921 1364 1058 1392 volumen
1070 1365 1243 1398 adauctum,
1265 1369 1387 1391 attamen
1403 1369 1503 1389 sanum
1525 1360 1604 1397 (d).

335 1423 381 1451 Ex
400 1418 650 1449 observationibus
676 1425 692 1448 a
714 1417 870 1444 Lieutaud
884 1416 1065 1449 memoratis,
1085 1420 1203 1444 constat
1221 1413 1334 1449 insigne
1355 1411 1467 1448 hepatis
1493 1411 1697 1441 incrementum
1721 1411 1802 1440 iniis

297 1474 478 1502 observatum
498 1475 581 1502 esse,
601 1466 651 1503 qui
665 1466 714 1495 diu
732 1464 930 1501 respirationis
950 1464 1115 1493 difficultate
1131 1462 1324 1491 laboraverant
1346 1459 1418 1497 (c).
1459 1458 1491 1487 In
1509 1459 1609 1488 multis
1625 1461 1799 1499 individuis,

299 1524 423 1558 morbo,
443 1521 482 1550 ita
496 1520 574 1548 dicto
593 1519 726 1547 coeruleo
743 1517 911 1552 defunctis,
933 1516 1020 1553 hepar
1039 1513 1164 1550 insignis
1181 1511 1338 1542 voluminis
1356 1511 1537 1539 observatum
1557 1517 1601 1539 est
1622 1511 1701 1548 (f),

335 1576 364 1611 s.
385 1582 416 1612 4.
456 1570 587 1610 thylkcs
602 1571 630 1600 in
645 1577 701 1599 sua
712 1567 914 1599 dissertatione
931 1567 964 1596 de
977 1565 1108 1597 abnormi
1125 1565 1222 1595 cordis
1238 1562 1481 1594 conformationis
1504 1562 1692 1599 conditione,
1714 1565 1807 1601 pluri.

1749 1625 1809 1646 ma·

325 1689 380 1717 (a)
401 1688 470 1708 Fan-n
489 1691 598 1710 memorat
614 1683 730 1712 cndsveris
745 1683 869 1706 sectionem
884 1683 999 1712 hominis,
1015 1684 1054 1712 qui
1067 1683 1125 1706 inter
1136 1681 1178 1705 alia
1196 1685 1342 1709 symptomata
1362 1678 1493 1707 praesertim
1514 1680 1541 1701 de
1558 1680 1636 1702 dolore
1655 1680 1805 1703 vehementis

298 1730 356 1752 simo
372 1729 452 1757 capitis
465 1734 620 1756 conquestus,
636 1727 732 1750 diversis
748 1725 854 1749 remediis
869 1732 892 1748 et
913 1726 1007 1753 quidem
1028 1725 1190 1748 efficacissimis
1209 1724 1320 1744 incassum
1340 1727 1365 1743 Ε
1368 1721 1459 1747 bibitffi,
1476 1713 1601 1741 Μῖδέῐῐῑηῐέ
1622 1721 1681 1742 diem
1701 1721 1760 1742 obiit
1770 1727 1808 1744 su-

298 1776 408 1799 premum.
436 1770 541 1792 Inuitum
555 1770 674 1795 sectione,
689 1767 847 1790 inveniebatur
861 1772 950 1794 praeter
962 1767 1078 1794 organicas
1095 1766 1239 1788 alterationes
1247 1763 1350 1792 cerebri,
1366 1767 1418 1786 cum
1432 1761 1454 1784 in
1468 1760 1615 1789 pulmonibus
1628 1767 1673 1784 mm
1691 1762 1712 1785 in
1726 1763 1807 1792 hepate

299 1813 380 1840 tuber,
396 1816 510 1835 structura
526 1818 552 1833 ac
567 1811 642 1833 indole
659 1810 806 1831 conveniens.
834 1809 871 1831 Cf.
889 1809 973 1835 Γηιη,
995 1810 1061 1834 Fasc,
1073 1809 1090 1831 1.
1105 1808 1162 1830 Obs-
1175 1813 1199 1833 4.

324 1854 374 1881 (b)
398 1853 436 1875 Cf.
452 1853 600 1879 decmamr,
614 1849 733 1878 Zaolagi'e,
750 1851 774 1872 Β,
791 1855 810 1872 1.
824 1857 849 1878 p.
868 1850 910 1878 569
922 1855 945 1871 et
959 1852 1010 1876 383.

324 1895 375 1923 (c)
397 1892 437 1915 Cf.
455 1891 622 1918 Cruimuizeu,
639 1892 792 1917 Organozeon,
808 1892 829 1919 S,
848 1896 895 1917 ¹¹3·
914 1896 936 1913 et
952 1890 975 1912 in
991 1896 1054 1913 nota,

327 1935 378 1962 (A)
401 1936 439 1958 cr,
455 1934 572 1960 Waltfttr,
593 1933 655 1955 Diu.
674 1939 697 1960 p.
714 1938 751 1959 3⁰·

325 1975 376 2004 (e)
397 1978 432 1997 ef.
452 1975 582 2002 Lt'eumxd,
603 1976 655 1998 ΟΜ.
671 1975 744 1998 Atat,
761 1974 823 1997 alt-d.
837 1979 888 2002 57⁷.
903 1973 952 2001 578,
967 1973 1008 2001 585
1019 1987 1028 2001 ,
1044 1973 1093 1999 586,

329 2016 376 2044 (s)
401 2016 438 2040 Cf.
459 2016 566 2043 mccl-«1,
587 2016 694 2044 Sefnage
719 2021 762 2039 zur
785 2015 914 2037 Gcschichte
932 2009 974 2040 'dar
994 2012 1178 2043 tildnng-fthter
1197 2013 1232 2035 des
1253 2014 1352 2037 [leram
1370 2012 1393 2035 iu
1417 2011 1513 2034 Archiv.
1530 2010 1575 2038 sar
1596 2009 1634 2031 dlt
1657 2009 1722 2037 111151.
1745 2009 1770 2033 Ι.
1786 2013 1808 2035 1.

299 2065 322 2086 Ι·
337 2057 387 2088 ²⁶3!
