1946 2517
325 269 1334 331 COMMENTATIO

160 602 891 658 QUAESTIONEM
966 601 1504 644 CHEMICAM.

73 960 195 1024 Mira
229 989 326 1020 ubivis
356 989 386 1019 in
418 996 509 1019 rerum
548 989 736 1018 universitate
775 988 995 1025 deprehenditur
1019 989 1140 1019 varietas
1157 1009 1168 1024 .
1206 995 1279 1025 quae
1308 994 1367 1016 non
1395 991 1495 1023 potest
1531 992 1590 1013 non

78 1050 157 1082 grata
184 1043 291 1073 afficere
314 1041 484 1077 voluptate,
513 1042 646 1076 quemvis
670 1040 796 1068 Naturae
819 1046 1024 1077 spectatorem.
1063 1041 1248 1070 Admiramur
1268 1047 1336 1069 sane
1361 1038 1500 1067 Naturam
1522 1034 1587 1063 inii·

76 1095 147 1124 nitis
174 1094 268 1123 modis
301 1092 428 1127 variam,
465 1098 586 1121 attamen
620 1091 732 1128 legibus
761 1091 882 1120 aeternis
910 1090 1090 1127 subiectam,
1127 1098 1155 1120 et
1183 1091 1214 1121 iu
1245 1090 1308 1126 ipsa
1342 1088 1476 1118 varietate
1502 1094 1589 1114 unam

77 1150 166 1181 atque
194 1144 354 1181 integram3
385 1142 634 1172 considerantibus
669 1148 762 1171 totum
788 1142 879 1180 hujus
903 1142 1066 1178 ambitum,
1092 1140 1189 1171 statim
1223 1148 1324 1178 magna
1350 1139 1400 1168 illa
1430 1136 1590 1166 differentia

76 1195 163 1226 nobis
192 1203 254 1224 sese
275 1194 393 1231 obfert,
416 1202 489 1230 quae
517 1195 593 1223 inter
616 1193 712 1223 omnia
742 1201 834 1223 creata
855 1199 953 1231 regnat
961 1203 973 1230 ς
995 1192 1095 1222 statim
1116 1192 1271 1229 videmus,
1306 1196 1445 1228 quantum
1476 1186 1590 1217 intersit

75 1246 150 1277 inter
173 1254 226 1282 ea,
259 1254 332 1283 quae
353 1245 389 1274 ab
415 1245 543 1274 omnium
567 1252 659 1274 rerum
687 1245 801 1281 Opifice
825 1252 928 1282 typum
953 1243 1179 1282 organisationis
1201 1250 1230 1273 et
1250 1242 1310 1272 vita
1338 1244 1532 1277 acceperunt,
1559 1244 1592 1266 ac

75 1306 126 1335 en,
159 1305 232 1334 quae
256 1296 341 1326 bruta
370 1304 402 1326 ac
428 1296 530 1325 inertia
557 1297 642 1333 quasi
665 1305 725 1327 non
750 1297 830 1328 entia,
848 1298 963 1334 jacent3

113 1348 313 1380 Observamus
343 1347 458 1383 omnia,
480 1347 539 1376 vita
561 1347 707 1384 praedita,
729 1348 862 1385 singula,
892 1345 1022 1384 propriis
1044 1345 1217 1383 organismis
1241 1345 1383 1374 instructa
1409 1349 1496 1377 esse,
1518 1346 1591 1377 quae

79 1400 116 1429 ed
137 1397 342 1436 perfectionem
367 1397 459 1427 totius
483 1398 624 1435 tendunt,
644 1399 680 1428 ad
704 1398 908 1428 formationem
938 1397 1070 1434 corporis
1097 1402 1272 1433 coeperant,
1304 1393 1415 1431 quibus
1442 1393 1537 1421 valent
1561 1398 1592 1419 se

76 1450 206 1485 nutrire,
228 1455 408 1484 accrescere,
428 1448 608 1478 individuum
637 1458 771 1486 servare,
793 1449 917 1486 speciem
937 1455 1117 1485 propagare,
1137 1447 1273 1477 stimulos
1292 1451 1427 1474 externos
1447 1441 1591 1479 percipere

76 1507 162 1537 atque
182 1500 211 1529 in
230 1507 280 1528 eos
302 1507 424 1536 reagere.

114 1551 312 1580 observamus
341 1557 430 1585 porro
453 1548 538 1577 hasce
565 1548 723 1579 facultates
747 1557 799 1586 per
821 1556 932 1578 certum
967 1548 1111 1585 quoddam
1138 1546 1276 1584 temporis
1302 1544 1428 1582 spatium
1456 1541 1592 1581 proceded

76 1602 124 1631 r'e:
155 1607 311 1637 postquam
334 1607 404 1628 vero
429 1599 497 1628 haee
527 1600 705 1637 organisatio
735 1601 769 1629 ad
795 1601 890 1637 αξιμὴν
915 1600 1097 1636 pervenerit,
1126 1597 1293 1627 functiones
1321 1596 1490 1625 imminuere
1518 1592 1591 1635 inci·-

77 1652 185 1689 piunt,
216 1657 244 1679 et
269 1649 378 1678 tamdiu
404 1650 598 1686 decrescunt,
627 1651 718 1679 donec
743 1659 866 1687 corpora
897 1652 932 1679 ad
961 1656 1069 1679 statum
1099 1647 1318 1678 annihilationis
1341 1645 1532 1679 transierint,
1563 1648 1592 1671 et

76 1695 192 1733 cessent
218 1701 333 1730 vivere:
360 1707 478 1736 oportet
505 1702 611 1738 igitur,
633 1708 665 1730 ut
691 1702 810 1731 durante
831 1703 889 1731 vita
914 1701 988 1730 adsit
1005 1702 1050 1730 vis
1066 1701 1222 1737 quaedam,
1245 1707 1318 1736 quae
1334 1694 1394 1727 eam
1415 1699 1591 1733 promovet,

78 1753 206 1788 excitat,
238 1758 268 1780 et
288 1759 345 1787 qua
369 1752 535 1787 exstincta,
564 1753 646 1781 etiam
670 1752 728 1781 vita
753 1753 952 1790 extinguitur:
976 1753 1042 1782 haec
1070 1751 1136 1787 vis,
1163 1752 1207 1782 vis
1232 1749 1337 1780 vitalis
1353 1755 1477 1784 nempe,
1499 1744 1592 1774 omni·

79 1804 137 1833 bus
163 1801 339 1839 corporibus
367 1803 510 1840 organicis
533 1803 691 1839 competit,
713 1804 819 1840 majore
842 1804 887 1832 vel
908 1804 1018 1832 minore
1041 1802 1150 1839 gradu,
1179 1800 1287 1837 plantis
1313 1807 1404 1835 aeque
1429 1805 1460 1826 ac
1485 1796 1593 1825 anima·

79 1855 178 1891 libus;
209 1853 322 1889 plantae
347 1859 423 1882 certe
446 1862 478 1882 ea
507 1854 599 1884 multo
628 1854 739 1883 minore
770 1855 915 1891 gaudent,
946 1862 1031 1890 quam
1059 1852 1213 1888 animalia,
1242 1860 1300 1881 non
1336 1850 1432 1879 minus
1461 1846 1599 1887 perfecta·

80 1902 148 1935 vero
171 1898 562 1942 earum‘est·organisatio;
591 1904 732 1942 perfectio
757 1913 830 1934 emm
853 1906 883 1934 in
906 1911 1039 1941 respectu
1071 1911 1228 1940 corporum
1252 1900 1468 1931 dissiinilarium
1497 1890 1603 1926 relati-²

81 1961 149 1985 vum
174 1955 246 1991 quid
265 1961 329 1991 est,
351 1955 419 1984 dum
445 1964 529 1985 omne
548 1956 579 1986 id
600 1955 760 1994 perfectum
787 1956 846 1986 dici
870 1962 991 1992 potest,
1013 1956 1100 1994 cujus
1121 1962 1216 1992 partes
1239 1950 1425 1985 destinationi
1442 1950 1502 1980 sive
1522 1957 1592 1980 sco-

82 2016 121 2047 po
140 2007 234 2043 totius
252 2007 439 2044 respondent.
486 2029 489 2033 .
1428 2020 1430 2022 v

852 2056 880 2087 A
899 2064 931 2087 ε’.Ἰ
1533 2050 1608 2080 En·¹
