1946 2517
330 162 368 193 50
639 153 1009 185 GUILIELMI
1066 153 1533 186 WENCKEBACH

330 236 394 266 nith
423 236 518 271 daris,
540 241 567 265 et
596 236 718 273 denique
740 237 875 273 quasdam
897 236 931 264 ad
954 236 1126 265 reducendas
1153 238 1368 267 observationes
1389 246 1422 267 ex
1446 234 1510 267 alii‘s
1532 239 1672 269 mensuris
1698 241 1726 270 in
1751 242 1841 277 pollis

333 295 382 317 ces
406 293 433 315 et
457 287 544 315 lineas
562 287 653 317 Paris.
675 295 701 316 et
723 289 826 323 gradus
846 287 965 316 Reaum.
987 302 1024 310 -
1046 287 1119 316 Sunt
1143 288 1194 317 hae
1218 289 1350 324 tabulae,
1366 288 1514 325 judicibus
1533 290 1603 318 viris
1629 292 1841 330 peritissimis,

333 343 510 374 praestantes
541 344 658 374 propter
693 338 889 375 diligentiam,
917 346 974 374 qua
1005 337 1154 367 confectae
1173 344 1261 367 sunt:
1286 345 1376 367 tamen
1402 338 1457 366 hoe
1482 339 1664 371 incommodo
1688 343 1836 380 laborant,

337 388 416 422 quod
435 394 496 416 tum
525 396 619 416 earum
646 389 782 417 volumen
808 390 900 426 majus
921 389 977 424 sit,
1001 397 1085 424 quam
1106 394 1139 418 ut
1158 390 1308 419 commode
1331 389 1361 418 in
1385 389 1535 419 itineribus
1553 391 1680 421 adhiberi
1703 394 1839 430 possint,

334 442 394 466 tum
425 439 504 473 quod
522 439 650 474 calculus
673 448 734 468 non
757 439 827 468 satis
853 439 974 476 simplex
1001 440 1049 469 sit.
1833 466 1836 469 .

377 488 470 517 Priori
492 490 676 519 incommodo
695 490 808 519 obviam
828 491 882 521 ivit
899 491 1051 520 Homerus
1072 491 1160 529 (1),
1176 491 1234 527 qui
1254 491 1382 527 quinque
1400 492 1507 527 priores
1524 493 1634 522 tabulas
1655 493 1836 525 Lindenavts·

336 538 366 568 in
385 540 585 576 compendium
611 541 733 578 redegit,
755 542 863 571 omissa
891 543 1069 572 correctione
1097 548 1216 580 propter
1240 548 1453 578 temperaturam
1474 544 1628 581 mercurii,
1649 554 1732 581 quam
1757 544 1841 574 facil-

335 590 399 618 lima
424 591 558 620 methodo
581 591 654 627 ipsis
676 592 853 630 logarithmis
879 593 977 622 afferre
1002 594 1096 624 docet.
1137 593 1183 622 Ad
1207 593 1352 629 posterius
1378 594 1456 629 quod
1480 594 1601 630 attinet,
1631 595 1703 624 illud
1723 597 1839 626 evitavit

334 640 458 670 ClarIss.
485 642 717 680 Benzenbergt'us
738 645 822 680 (2),
853 645 1045 681 computanda
1071 643 1189 679 tabula,
1221 643 1252 673 in
1287 645 1345 680 qua
1373 645 1468 673 statim
1503 647 1685 682 reperiuntur
1717 648 1840 683 pedibus

333 690 425 719 Paris.
453 692 582 721 locorum
615 694 780 723 altitudines
809 704 862 731 pro
895 696 981 724 variis
1014 694 1167 724 barometri
1196 694 1399 724 altitudinibus
1431 704 1519 733 supra
1555 697 1633 726 illam
1664 698 1837 735 stationem,

335 740 365 769 in
385 750 440 776 qua
460 743 532 770 aeris
560 745 671 778 pressio
693 746 844 774 columnae
863 754 899 782 29
920 747 1062 782 pollicum
1087 745 1220 774 mercurii
1244 745 1442 781 aequipollet,
1464 747 1502 775 ita
1527 753 1559 775 ut
1580 748 1764 784 altitudines,
1785 757 1838 785 pro

335 791 409 819 datis
440 792 591 822 barometii
615 795 815 825 altitudinibus
845 805 878 825 ex
901 805 932 826 ea
951 803 1083 832 sumtae,
1114 803 1226 825 tantum
1255 796 1478 825 substrahendae
1501 797 1560 826 sint
1583 798 1618 826 ad
1642 798 1839 829 inveniendam

333 841 448 871 alterius
473 851 559 880 supra
582 846 699 874 alterum
723 847 925 877 altitudinem:
949 848 1016 877 huic
1043 848 1175 885 adJunxit
1202 847 1326 876 minores
1352 847 1492 883 tabellas,
1513 848 1613 876 dantes
1633 849 1839 878 correctionem

336 892 502 922 observatae
529 895 678 924 barometri
703 897 849 926 altitudini
876 898 1029 927 addendam
1057 905 1174 935 propter
1203 898 1330 927 diversas
1357 899 1491 928 mercurii
1519 905 1742 935 temperaturas,
1768 899 1837 928 item

333 945 528 973 correctiones
556 953 673 982 propter
694 953 908 983 temperaturam
938 949 1034 984 acris,
1057 949 1279 978 diminutionem
1306 950 1454 986 gravitatis
1480 949 1637 978 directione
1662 949 1788 978 verticali
1811 956 1840 980 et

331 1001 449 1029 propter
472 996 660 1026 latitudinem.
709 998 848 1026 Praeterea
874 1005 907 1027 ut
933 999 1006 1028 ratio
1035 999 1235 1036 logarithmica
1269 1000 1396 1028 adhiberi
1424 1002 1518 1036 possit
1547 1001 1623 1030 dedit
1651 1000 1842 1036 logarithmos

331 1045 472 1073 naturales
497 1054 678 1076 numerorum
705 1048 769 1076 inde
797 1057 812 1076 a
841 1056 914 1086 1300
943 1050 978 1078 ad
1007 1058 1097 1086 2920,
1126 1049 1199 1077 intra
1222 1059 1297 1085 quos
1331 1052 1551 1086 comprehensae
1580 1058 1649 1079 sunt
1677 1050 1842 1087 logarithm'a

333 1093 580 1125 barometricarum
601 1098 784 1126 altitudinum
810 1099 951 1134 pollicum
979 1100 1147 1128 centesimis
1171 1099 1302 1136 partibus
1320 1108 1539 1136 expressarum,
1561 1101 1627 1126 inde
1648 1109 1663 1128 a
1689 1099 1843 1136 superficie

332 1145 439 1181 maris,
462 1155 553 1183 usque
576 1149 611 1177 ad
631 1157 779 1185 summos,
801 1158 876 1185 quos
900 1149 1036 1178 novimus
1059 1157 1181 1179 montes.

371 1196 627 1235 Benzenbergianis
651 1200 757 1228 tabulis
783 1201 892 1229 similes
913 1207 981 1229 sunt
1009 1209 1074 1235 eae,
1099 1209 1171 1237 quas
1193 1209 1268 1229 anno
1292 1202 1366 1236 1817
1384 1199 1459 1237 juris
1481 1198 1592 1236 publici
1615 1198 1684 1227 fecit
1707 1199 1740 1228 C.
1763 1200 1843 1230 Gar-

335 1247 411 1276 thius
430 1269 440 1284 ‚
469 1249 524 1278 hoc
551 1256 660 1279 tantum
694 1251 809 1280 nomine
842 1252 987 1288 diversae,
1017 1252 1095 1287 quod
1127 1252 1279 1280 barometri
1312 1252 1435 1280 altitudo
1462 1251 1490 1279 in
1516 1250 1552 1279 iis
1587 1257 1647 1279 non
1677 1250 1841 1281 centesimis

335 1299 450 1334 pollicis
481 1301 631 1336 partibus,
655 1302 702 1330 sed
725 1302 904 1337 pollicibus,
926 1303 1008 1331 lineis
1033 1309 1059 1330 et
1086 1303 1223 1331 linearum
1253 1302 1383 1338 partibus
1407 1302 1563 1337 reperitur,
1586 1301 1665 1336 quod
1687 1301 1842 1332 correctio.

334 1356 395 1377 nem
423 1357 541 1386 propter
575 1352 793 1381 diminutionem
829 1352 975 1388 gravitatis
1008 1353 1325 1381 directione'verticali
1355 1353 1437 1388 plane
1475 1351 1603 1386 omittit,
1635 1359 1662 1379 et
1691 1353 1769 1387 quod
1795 1362 1841 1385 eas

334 1400 428 1436 magis
456 1402 664 1439 amplificavit,
687 1403 780 1439 iisque
803 1403 1025 1431 commodiorem
1050 1403 1170 1433 formam
1196 1402 1272 1431 dedit
1295 1401 1378 1439 (3).

372 1451 405 1479 In
427 1452 533 1481 Gallia
553 1453 800 1481 barometricarum
821 1455 1064 1483 mensurationnm
1084 1462 1168 1482 usum
1196 1453 1303 1481 tabulis
1322 1451 1509 1480 conficiendis
1532 1459 1739 1487 promoverunt
1758 1463 1837 1490 prae·

331 1501 416 1537 cipue
435 1501 707 1539 D'Aubstissonius,
729 1504 840 1533 Biott'us
861 1512 888 1533 et
909 1504 1109 1539 Rumondius,
1130 1505 1236 1540 quibus
1256 1511 1438 1532 annumerare
1458 1503 1544 1537 licet,
1567 1505 1699 1538 quamvis
1716 1503 1836 1536 Germa-

333 1559 423 1587 num,
447 1553 664 1590 Oltmmmsius,
688 1556 796 1592 quippe
821 1556 870 1592 qui
897 1555 1122 1585 Ramondianam
1145 1554 1298 1583 formulam
1323 1561 1440 1591 quoque
1460 1554 1589 1583 adhibuit
1611 1556 1692 1594 (4).

1737 1607 1842 1637 D⁹Auo

356 1684 407 1712 (1)
428 1685 480 1707 Vid.
502 1691 580 1707 orco.
600 1686 661 1710 Ann.
678 1689 742 1709 ntr-
765 1687 805 1710 Bd.
822 1688 917 1711 XXXlx.
941 1690 972 1712 st.
987 1695 1012 1715 ⁴·
1037 1688 1059 1710 S.
1076 1689 1127 1713 468.
1142 1692 1165 1709 et
1180 1693 1244 1715 seqq.

357 1724 410 1753 (α)
433 1725 484 1748 vid.
501 1726 550 1751 ejus
567 1727 741 1753 Beschrer'hnng,

359 1766 410 1794 (s)
428 1768 518 1790 Pneter
531 1774 586 1796 eos,
601 1775 657 1796 quos
672 1770 811 1798 memoravi,
833 1772 894 1794 viros
910 1771 976 1795 etiam
991 1773 1071 1796 Celeb.
1094 1777 1260 1796 κοκκεκυς
1283 1773 1368 1794 rabulas
1387 1769 1489 1793 confecit
1509 1771 1574 1792 valde
1593 1773 1706 1794 accuratas
1727 1777 1780 1799 qun
1798 1776 1832 1795 t·-

332 1815 383 1831 men
396 1808 449 1831 mihi
464 1810 522 1836 ipsu
538 1810 649 1838 inspicere
661 1817 727 1839 quum
743 1818 788 1834 uon
803 1813 880 1841 licuit,
897 1815 928 1836 nil
942 1817 970 1837 de
987 1815 1014 1838 ils
1030 1816 1111 1838 dicam.
1134 1815 1186 1837 vid·
1202 1813 1314 1836 Zsitsekr.
1325 1812 1348 1840 s·
1362 1812 1383 1835 d,
1399 1813 1492 1835 Astron.
1508 1817 1528 1834 ν.
1545 1817 1612 1834 vcrw.
1626 1811 1693 1834 ΜΗ.
1708 1818 1730 1836 ⁷.
1747 1818 1831 1838 ιῐκι.

334 1856 355 1871 u.
377 1856 466 1873 nonu.
489 1852 510 1873 S.
525 1856 574 1877 452.

354 1890 404 1917 (a)
425 1891 493 1914 eous.
515 1897 597 1914 cina.
618 1893 680 1917 Anu.
703 1895 765 1918 1811.
786 1896 828 1919 nd.
844 1896 961 1919 xxxviii.
983 1898 1012 1920 sc.
1031 1903 1052 1924 ³-
1075 1900 1151 1923 san
1175 1900 1197 1918 ιι
1213 1902 1293 1924 seqq.;
1314 1901 1402 1924 ιιοτ,
1424 1894 1488 1919 Tan,
1508 1895 1655 1922 timpum
1677 1900 1827 1926 naxon»,

328 1930 397 1952 num.
417 1939 440 1960 p.
459 1937 497 1960 ¹72
511 1938 574 1959 seqq.

1939 2312 1946 2325 n

1940 2451 1944 2457 r
1932 2343 1946 2445 hm*
