1946 2517
311 159 346 180 ιο
655 151 772 190 JANI
811 145 1086 180 RUDOLPHI
1124 153 1197 176 vAN
1238 145 1470 175 MAANEN

312 234 464 264 admodum
484 235 512 264 in
529 235 617 264 dorso
633 232 801 262 flexibilium
824 231 910 268 (a).
950 229 1106 267 Quidquid
1130 228 1187 264 sit,
1208 228 1315 258 divisio
1337 227 1385 256 illa
1407 227 1520 264 hepatis
1539 228 1635 257 lobata
1659 235 1735 258 certe
1750 236 1810 258 non

312 284 388 314 facta
403 286 516 314 videtur
532 286 561 315 in
579 286 696 322 gratiam
713 283 855 312 viscerum
871 280 1077 318 adiacentium,
1098 286 1131 308 ut
1149 280 1235 316 hepar
1256 279 1306 307 tali
1330 279 1417 307 modo
1432 286 1463 308 se
1478 279 1514 307 ad
1530 278 1645 309 illorum
1660 279 1809 309 intervalla

315 336 496 372 conformet,
519 337 653 372 quoniam
669 336 756 370 hepar
773 333 875 370 prius,
907 340 991 368 quam
1012 332 1061 360 illa
1079 331 1233 360 formatum
1252 330 1399 359 invenitur
1421 329 1502 368 (b).

351 389 379 425 S.
407 397 452 426 14.
482 387 578 416 Variis
595 385 756 423 ligamentis
779 385 866 420 hepar
888 385 918 412 in
945 384 1003 412 situ
1028 390 1083 411 suo
1104 381 1257 418 retinetur-3
1279 381 1473 410 communiter
1491 381 1544 410 tria
1562 381 1731 418 ligamenta,
1751 390 1811 411 non

317 439 375 468 nisi
390 439 550 475 peritonei,
572 438 756 474 diaphragma
772 434 934 472 cingentis,
955 433 1210 468 continuationes,
1225 440 1382 461 convexam
1397 432 1483 469 hujus
1501 432 1619 460 visceris
1634 438 1740 468 partem
1752 433 1811 462 dia-

314 489 476 525 phragmati
493 489 640 526 adfigunt,
660 488 789 517 dextrum
801 507 812 522 ,
831 486 954 514 medium
973 491 999 513 et
1013 483 1163 512 sinistrum
1180 483 1276 519 dicta,
1297 491 1419 518 quorum
1437 483 1592 511 notandum
1608 483 1749 519 imprimis
1765 493 1813 513 vc-

311 539 355 569 nit
374 541 497 569 medium
526 548 577 569 seu
601 540 787 576 ligamentum
818 536 932 573 hepatis
958 534 1202 571 suspensorium,
1230 534 1372 570 peritonei
1396 534 1597 570 duplicatum,
1618 533 1724 571 figurae
1742 535 1810 564 falci

313 591 434 627 formis,
457 598 619 621 antrorsum
644 591 759 628 longius
777 597 862 625 quam
881 593 1056 622 retrorsum,
1079 586 1168 614 situm
1193 585 1269 613 inter
1295 584 1476 620 superficiem
1502 584 1664 614 inferiorem
1683 586 1814 622 diaphra-

311 643 416 678 gmatis
432 649 460 671 et
476 651 630 672 convexam
649 642 781 678 hepatis;
804 647 868 670 sese
891 638 1044 668 extendens
1069 637 1104 666 ab
1124 635 1273 672 incisura,
1299 637 1334 664 ab
1359 636 1492 666 interiore
1517 644 1694 673 retrorsum,
1714 639 1749 667 ad
1766 647 1814 667 ve·

309 702 373 724 nam
393 703 490 724 cavam
510 703 602 730 usque
624 694 769 729 decurrit,
791 699 818 721 et
836 692 924 727 hepar
937 690 966 718 in
984 689 1083 717 lobum
1100 688 1230 716 dextrum
1250 694 1278 715 et
1296 687 1446 718 sinistrum
1465 688 1637 724 distinguit:
1659 690 1811 718 continna-

314 750 363 773 tur
382 746 436 774 hoc
454 745 638 782 ligamentum
659 745 839 773 dextrorsum
858 749 921 771 sese
944 741 1118 774 extendens,
1140 744 1167 767 et
1185 739 1323 768 obtusum
1349 739 1459 776 hepatis
1477 747 1583 775 partem
1603 741 1813 778 diaphragmat'r

313 803 450 833 nectens,
480 797 664 834 ligamentum
691 795 845 825 constituit
862 795 968 828 breve,
989 791 1103 820 laterale
1128 790 1268 820 dextrum.
1307 790 1437 826 Sequens
1460 790 1668 828 ligamentum,
1700 792 1811 822 laterale

314 847 463 875 sinistrum
474 867 485 883 ,
506 856 557 877 seu
575 848 768 884 triangulare,
789 853 877 882 aeque
894 853 926 873 ac
942 843 1025 880 prius
1043 841 1224 870 continuatio
1240 848 1283 870 est
1300 841 1446 878 ligamenti
1462 843 1662 878 suspensorii,
1682 844 1716 872 ad
1738 844 1809 873 sini·

310 905 403 927 strum
429 899 524 935 latus,
547 900 694 929 sinistram
724 898 836 935 hepatis
862 902 972 933 partem
996 893 1203 930 diaphragmati
1225 893 1331 930 iungit.
1373 893 1465 922 Aliud
1489 893 1582 922 adhuc
1603 894 1811 932 ligamentum,

312 956 384 979 teres
402 959 453 980 seu
472 952 628 980 rotundum
647 957 804 985 vocatum,
825 949 898 978 inter
921 945 1066 982 margines
1084 947 1241 973 anteriores
1263 945 1438 974 lamellarum
1463 945 1610 982 ligamenti
1631 948 1812 982 suspensorii

309 1001 480 1038 decurrens,
500 1003 618 1031 eundem
638 1003 791 1032 decursum
816 1010 848 1030 ac
874 999 947 1029 illud
973 1002 1079 1026 servat·
1105 996 1266 1026 Posterius
1287 997 1377 1025 hocce
1405 995 1546 1032 peritonei
1571 1004 1630 1025 non
1652 1003 1695 1025 est
1719 998 1813 1027 conti..

309 1053 407 1082 nuatio
430 1055 548 1082 sedest
569 1054 716 1090 collapsa,
736 1059 870 1084 concreta
895 1057 923 1081 et
942 1050 971 1078 in
996 1049 1180 1084 ligamentum
1210 1053 1319 1075 mutata
1344 1056 1416 1076 vena
1443 1047 1638 1082 umbilicalis,
1659 1048 1689 1076 in
1708 1048 1811 1085 foetu,

309 1104 445 1134 maxImae
461 1105 609 1134 utilitatis.
650 1104 786 1134 Nectitur
805 1111 892 1140 porro
915 1102 1005 1136 hepar
1025 1105 1097 1128 cum
1114 1098 1278 1126 ventriculo
1296 1098 1405 1147 omeffiti
1423 1098 1544 1126 minoris
1568 1105 1644 1134 ope3
1669 1106 1735 1127 cum
1754 1100 1814 1128 dia-

308 1154 496 1192 phragmate‚
518 1164 569 1193 per
586 1165 686 1186 venam
707 1163 804 1185 cavam
830 1152 1068 1186 adscendentem3
1099 1157 1164 1178 cum
1187 1149 1341 1185 duodeno,
1370 1157 1420 1185 per
1442 1150 1627 1186 lig-mentum
1655 1150 1810 1178 duodeno-

311 1205 493 1244 hepaticum3
515 1216 582 1237 cum
602 1209 669 1237 colo
681 1229 691 1245 ,
714 1216 764 1245 per
777 1207 963 1244 ligamentum
981 1201 1249 1238 colo-hepaticum3
1270 1209 1336 1229 cum
1355 1201 1421 1230 colo
1438 1206 1466 1229 et
1482 1208 1648 1237 pancreaoe,
1669 1201 1810 1230 mesocoli

305 1265 380 1293 ope,
401 1264 457 1287 cet.

344 1308 424 1337 Olim
450 1318 567 1346 quoque
589 1311 776 1340 meminerunt
798 1310 947 1346 cujusdam
973 1306 1121 1344 ligamenti
1149 1305 1316 1341 coronarii,
1346 1303 1501 1340 improprie
1531 1310 1649 1338 tamen,
1679 1310 1743 1332 cum
1767 1302 1812 1332 nik

307 1359 384 1388 aliud
399 1361 459 1397 sit,
482 1362 539 1390 nisi
559 1370 648 1391 nexus
662 1362 820 1398 superioris
843 1368 872 1390 et
895 1362 1065 1397 posterioris
1082 1361 1194 1397 hepatis
1216 1360 1308 1397 partis
1331 1367 1397 1387 cum
1422 1358 1634 1394 diaphragmate
1660 1356 1729 1384 telae
1750 1363 1807 1392 ope

303 1413 458 1441 cellulosae
477 1414 550 1450 (c).

343 1463 373 1499 ἓ.
397 1471 443 1502 15.
477 1464 649 1493 Enumerata
670 1462 823 1500 ligamenta
850 1464 884 1492 ad
905 1464 1017 1501 hepatis
1042 1464 1178 1493 volumen
1197 1463 1365 1492 firmandum
1385 1467 1474 1496 atque
1498 1460 1527 1488 in
1544 1459 1603 1487 situ
1624 1458 1804 1488 retinendum

306 1523 340 1543 ne
357 1516 414 1544 huc
432 1516 537 1544 illucve
553 1516 678 1553 agitetur
696 1516 834 1544 inservire
851 1515 997 1546 videntur.
1037 1516 1182 1545 Nonnulli
1208 1513 1377 1551 physiologi
1397 1517 1571 1541 censuerunt
1591 1510 1747 1538 rotundum
1767 1509 1803 1536 li·

306 1575 466 1604 gamentum
483 1569 593 1598 nullius
611 1578 672 1598 esse
688 1569 820 1598 utilitatis
842 1569 931 1606 (d);
955 1569 1002 1598 alii
1023 1577 1090 1598 vero
1107 1567 1232 1602 volunt,
1259 1566 1321 1602 ejus
1345 1571 1428 1592 usum
1449 1561 1589 1598 insignem
1614 1567 1696 1595 esse,
1719 1566 1746 1588 et
1765 1567 1809 1588 re·

304 1626 348 1648 cte
367 1620 397 1648 hi
414 1627 494 1657 agere
514 1621 585 1649 milii
603 1621 736 1650 videntur
750 1641 761 1655 ,
782 1629 852 1652 nam.
865 1629 892 1650 st
920 1621 974 1650 hoc
1002 1622 1192 1658 ligamentum
1209 1625 1337 1652 secetur,
1359 1616 1446 1651 hepar
1473 1621 1590 1643 sursum
1611 1613 1758 1646 trahatur,
1778 1618 1807 1640 et

304 1671 460 1699 anxietates
477 1680 509 1700 ex
526 1674 586 1709 eius
607 1673 689 1708 lapsu
708 1673 868 1708 posteriora
886 1681 986 1702 versus
1001 1679 1027 1701 et
1044 1681 1077 1702 ex
1094 1670 1232 1707 impedito
1249 1668 1340 1697 libero
1353 1663 1576 1702 diaphragmatis
1593 1669 1694 1695 motu,
1712 1661 1807 1690 orian-

307 1726 354 1750 tur
370 1729 485 1750 necesse
496 1729 539 1750 est
563 1725 640 1760 (c).
668 1725 715 1753 Au
734 1725 956 1753 sustentandum
974 1725 1028 1753 hoc
1044 1724 1141 1753 viscus
1162 1721 1288 1758 repletus
1306 1716 1484 1748 ventriculus
1505 1714 1589 1743 etiam
1605 1712 1715 1749 aliquid
1733 1720 1806 1740 con-

1756 1761 1814 1791 fer.
1847 1801 1850 1803 Δ

326 1824 379 1852 (ι)
401 1824 438 1847 (Ὺ,
453 1825 561 1852 Mamer,
575 1825 636 1848 Diu,
650 1824 675 1845 de
692 1825 768 1848 Funrt.
788 1827 842 1853 llep,
859 1828 921 1849 1818.
937 1834 962 1855 p.
974 1827 1010 1850 62.
1025 1832 1073 1853 seq.

322 1864 374 1892 (b)
393 1864 430 1887 Cf.
445 1866 474 1887 Η,
490 1866 519 1885 D.
539 1867 565 1888 G.
581 1867 737 1893 Emynnped‘e
771 1869 796 1889 Τ.
815 1873 847 1893 19.
866 1875 887 1894 μ.
905 1868 958 1892 ὅςα.

747 1884 754 1894 5

322 1906 375 1934 (c)
397 1907 435 1928 Cs-
459 1907 586 1933 Hartman,
608 1908 670 1929 Diu.
687 1908 749 1930 lma.
767 1909 837 1932 Anat,
852 1908 876 1928 de
897 1909 952 1935 nep.
975 1917 998 1937 p.
1018 1909 1040 1932 6.
1070 1906 1225 1934 llildebrand,
1245 1904 1326 1928 Leiria.
1348 1902 1375 1927 B.
1389 1909 1410 1930 ς.
1427 1901 1448 1927 §-
1469 1905 1532 1924 2101.
1563 1899 1662 1926 Duum,
1684 1898 1763 1921 Prtne.
1778 1896 1807 1918 de

301 1948 361 1974 [⁷¹:51.
379 1949 407 1969 Τ.
425 1954 445 1974 ⁴·
469 1954 490 1974 ρ.
506 1954 556 1974 575.
747 1974 749 1976 ¹

326 1990 371 2015 μί]
393 1990 430 2012 cf.
445 1989 539 2017 Pscrcr,
556 1990 616 2014 und,
635 1991 794 2012 lecal-vorterh,
813 1990 834 2012 Β,
848 1996 869 2017 4,
883 1997 906 2018 p,
918 1995 968 2018 727,

324 2030 370 2056 (τ)
395 2031 432 2052 Cf.
447 2030 522 2056 17111,
537 2031 599 2053 Diis.
615 2031 639 2050 dc
657 2031 712 2058 Περ.
731 2033 750 2059 5.
770 2037 802 2054 12.
