1946 2517
408 166 725 207 COMMENTAno
741 175 781 197 m
802 164 1118 205 QUAESTIONEM
1138 166 1346 211 MschM.
1592 176 1632 206 25

330 421 570 455 CAPUT
638 421 991 455 DECIMUM
1058 422 1414 467 QUINTUM.

677 531 786 559 vass
826 536 1059 560 nuntians·

601 656 717 686 Ductus
737 655 888 696 hepaticus
909 664 938 687 ct
956 651 1150 688 cholcdochur.

118 778 145 815 ς.
165 786 213 816 40.
229 745 484 807 particularibus
503 779 581 808 vasis
606 777 710 814 gaudet
727 779 814 816 hepar
825 783 929 816 ‚aquae
954 779 983 808 in
1009 778 1092 807 nullo
1114 776 1171 806 alio
1195 776 1330 813 corporis
1358 776 1425 805 loco
1448 775 1570 812 adsunt5
1591 782 1625 805 ex

119 829 253 857 omnibns
273 830 393 858 visceris
414 830 546 865 partibus
565 836 659 858 ortum
677 831 788 859 ducunt
804 837 831 859 et
851 839 984 863 venarum
1001 839 1079 859 more
1093 837 1155 859 sese
1172 829 1315 865 colligunt
1335 829 1417 866 (a).

157 879 235 909 Vasa
251 888 282 908 ea
301 881 385 909 etiarn
403 888 544 910 vocantur
559 881 625 918 pori
640 881 767 917 binarii,
788 890 962 918 quamquam
984 881 1134 917 probabile
1148 880 1280 915 videtur,
1299 879 1477 915 antiquiores
1496 887 1546 915 per
1560 879 1627 907 illos

119 931 296 960 intellexisse
314 938 420 968 puncta
436 932 556 967 flavida,
578 940 651 967 quae
666 932 695 960 in
713 933 843 968 disrupta
863 933 974 969 hepatis
995 932 1157 961 substantia
1173 931 1305 967 conspici
1325 930 1421 958 valent
1441 929 1522 966 (b).
1556 929 1629 958 Vas·

118 983 184 1012 cula
199 988 268 1011 sunt
286 984 455 1019 tenerrima,
478 983 565 1012 bilem
587 984 766 1020 hepaticam,
787 993 821 1012 ex
841 984 928 1013 allato
948 984 1089 1020 sanguine
1114 989 1272 1018 secretam,
1293 982 1419 1017 vehunt,
1440 986 1468 1009 et
1494 981 1528 1009 ad
1544 980 1629 1009 desti-

117 1035 277 1067 natarloca
303 1035 460 1063 deducunt.
501 1034 657 1063 Radiculae
680 1036 783 1063 horum
809 1043 945 1071 vasorum
967 1035 1073 1065 sensim
1096 1033 1273 1069 ,sensimque
1298 1032 1328 1061 in
1353 1032 1477 1060 ramulos
1508 1032 1628 1068 maj0res

119 1086 294 1122 confluunt,
315 1087 365 1122 qui
389 1094 532 1115 ramorum
550 1094 638 1115 venae
655 1092 802 1122 portarum
829 1086 951 1115 comites
977 1093 1026 1121 per
1055 1084 1169 1120 hepatis
1192 1083 1387 1112 substantiam,
1400 1083 1575 1117 decurrunt,
1597 1082 1628 1111 in

117 1137 191 1166 duos
212 1144 331 1166 truncos
349 1143 518 1171 transeunt,
540 1144 565 1166 et
584 1137 695 1166 tandem
715 1138 746 1166 in
765 1137 875 1165 fossam
903 1142 1094 1167 transversam
1115 1136 1144 1164 in
1172 1142 1354 1163 communem
1377 1134 1518 1169 ductum,
1539 1134 1622 1170 hepa-

120 1188 211 1216 ticum
233 1188 365 1223 dictum,
382 1189 578 1223 conveniunt,
600 1189 652 1225 qui
677 1190 758 1224 juxta
782 1195 881 1216 venam
904 1193 1071 1223 portarum,
1093 1186 1205 1223 hepatis
1221 1192 1332 1223 portam
1351 1185 1513 1222 egreditur,
1535 1193 1622 1221 quam

119 1240 164 1269 uti
182 1241 239 1276 jam
260 1240 385 1269 diximus
407 1240 536 1276 ingressa
555 1247 615 1269 erat
636 1248 706 1269 vena
727 1246 874 1276 portarum
894 1238 974 1275 (c).

153 1292 184 1328 §-
203 1299 252 1328 41.
293 1291 408 1319 Ductus
433 1291 480 1319 ille
505 1290 655 1326 hepaticus
680 1289 890 1326 longitudinem
916 1288 1000 1317 habet
1026 1290 1059 1325 1}
1079 1287 1220 1324 pollicum
1247 1295 1314 1316 cum
1332 1286 1469 1316 diametro
1490 1287 1626 1324 xglinea-

117 1350 179 1371 rum
191 1363 201 1378 ‚
223 1341 342 1378 oblique
363 1342 521 1371 introrsum
540 1342 707 1376 descendit,
728 1341 800 1369 inter
819 1347 917 1368 venam
936 1345 1083 1374 portarum
1109 1344 1137 1366 et
1159 1338 1290 1367 arteriam
1308 1337 1488 1375 hepaticam,
1510 1344 1626 1367 omento

119 1392 366 1431 gastro-hepatico
383 1398 411 1420 et
430 1393 533 1429 pingui
549 1392 707 1420 cellulosae
727 1392 811 1427 copia
829 1390 988 1420 obductus.

155 1446 185 1481 §.
209 1451 258 1481 42.
293 1443 431 1480 jungitur
450 1443 481 1471 in
501 1443 590 1477 loco,
613 1443 662 1471 ubi
689 1442 796 1470 omenti
817 1449 948 1477 apertura
974 1439 1074 1475 adest,
1101 1447 1168 1468 cum
1195 1439 1253 1468 alio
1278 1439 1389 1474 ductu,
1417 1440 1467 1475 qui
1493 1439 1624 1476 cysticus

117 1495 244 1531 dicitur,
266 1494 321 1523 sub
345 1493 452 1530 angulo
478 1500 564 1522 acuto
587 1493 624 1521 ad
648 1493 766 1522 ductum
785 1493 998 1522 choledochum
1017 1492 1220 1527 formandum,
1242 1491 1293 1527 qui
1309 1491 1410 1527 potius
1429 1497 1461 1520 ut
1474 1491 1626 1520 continua-

119 1547 164 1576 tio
179 1547 285 1575 ductus
303 1544 428 1581 hepatici
447 1544 611 1579 habendus,
631 1549 793 1572 extrorsum
817 1543 889 1572 inter
905 1543 1024 1573 laminas
1044 1543 1203 1580 epiploicas
1219 1543 1364 1572 descendit
1376 1563 1386 1578 ‚
1413 1542 1487 1571 inter
1507 1541 1626 1578 glanduq

119 1599 162 1627 las
178 1604 207 1626 et
226 1605 292 1626 vasa
315 1595 490 1632 lymphatica
509 1594 655 1630 decurrit,
677 1594 731 1622 sub
747 1602 818 1624 vena
843 1599 990 1629 portarum
1015 1594 1049 1622 ad
1072 1594 1259 1629 posteriorem
1287 1600 1394 1630 partem
1419 1593 1529 1622 dextrae
1554 1600 1626 1628 pan·
1658 1612 1660 1614 v

117 1649 219 1678 creatis
236 1646 422 1676 extremitatis
440 1647 532 1683 pergit
553 1645 620 1682 (d)
639 1653 667 1674 et
692 1654 770 1682 pone
794 1645 945 1674 secundam
968 1644 1092 1673 duodeni
1117 1644 1280 1680 portionem
1298 1652 1365 1672 cum
1385 1643 1474 1673 ductu
1493 1651 1625 1680 pancrea-

117 1700 177 1729 tico
193 1699 314 1734 unitus,
344 1697 443 1726 eodem
472 1697 559 1726 modo
585 1705 617 1726 ac
640 1703 763 1726 ureteres
785 1698 895 1726 vesicae
924 1696 1061 1725 urinariae
1085 1696 1253 1725 inseruntur
1274 1696 1334 1734 (e)
1349 1715 1360 1730 ,
1383 1695 1469 1732 hujus
1495 1694 1625 1723 intestini

1564 1753 1626 1774 mu·

140 1814 191 1843 (a)
213 1815 252 1836 Cf.
269 1814 350 1835 Dnmat
362 1827 370 1840 ‚
391 1812 470 1836 Prlne.
487 1813 512 1833 de
531 1813 593 1839 Phys.
612 1813 642 1834 T.
658 1819 682 1840 4.
702 1820 725 1841 p,
742 1817 792 1840 ⁵79·

140 1856 196 1886 (b)
216 1856 255 1877 Cf.
274 1855 372 1882 Bichae,
389 1853 462 1877 Anat.
479 1855 593 1880 Detcript,
616 1855 644 1876 T.
661 1859 683 1880 5.
706 1861 728 1880 p,
746 1860 781 1881 9¹·

142 1897 175 1923 (e
188 1898 199 1924 )
213 1897 250 1918 Cf.
268 1894 415 1920 Rictmand,
428 1893 492 1920 Phys.
508 1895 535 1916 T.
553 1900 572 1916 ῐ.
590 1901 613 1921 p.
627 1899 676 1921 209·
708 1895 745 1916 Cf.
765 1894 861 1922 Malla,
883 1894 920 1917 El.
937 1895 1001 1922 Plus.
1017 1895 1046 1918 Τ,
1057 1894 1079 1918 6,
1097 1894 1125 1917 L,
1139 1899 1174 1921 23,
1204 1894 1242 1917 cf.
1258 1892 1378 1919 Windaw,
1401 1892 1460 1919 Exp.
1475 1889 1545 1915 Anat,
1561 1890 1590 1913 T·
1603 1895 1627 1916 ⁴·

116 1939 137 1967 §-
151 1938 200 1962 278·
232 1937 270 1958 Cf.
287 1936 416 1962 sslertzger,
431 1934 493 1957 mss.
508 1934 533 1954 de
551 1934 622 1956 Ier,
639 1935 660 1962 §-
677 1940 713 1956 100
743 1936 780 1959 Cs-
799 1936 956 1965 Auunrmh,
972 1937 1038 1964 Phys,
1054 1938 1099 1960 ΤΒ.
1113 1942 1136 1960 2.
1150 1944 1174 1965 p.
1191 1935 1226 1962 84.
1244 1936 1263 1963 S.
1274 1935 1327 1964 640.

141 1978 193 2007 (A)
216 1978 254 2000 Cf.
270 1977 373 2003 uer-pel,
389 1976 485 2000 Groudh,
499 1976 538 1996 der
555 1976 615 1997 oml.
636 1977 663 1998 D.
679 1984 698 1999 2.
723 1984 747 2005 ρ.
764 1984 812 2006 39⁴·

144 2021 196 2048 (e)
218 2019 253 2042 Cf.
270 2017 387 2045 Wulsker,
404 2017 468 2043 Flos.
489 2018 514 2040 Β.
533 2023 552 2040 1.
576 2025 599 2045 p.
615 2023 666 2046 2⁰9·
684 2018 704 2046 S.
717 2024 754 2046 94.
925 2047 953 2077 D
