1946 2517
261 180 297 212 (ιε
621 179 736 220 JANI
775 176 1029 208 RUDOLPHI
1066 186 1139 208 VAN
1179 175 1407 208 MAANEN

601 442 921 490 CAPUT
1019 445 1425 488 SEX'T-UM.

638 588 865 610 CHEMICAE
904 588 1018 610 BILts
1059 589 1393 611 PROPRIETATES.

302 731 332 766 §-
351 738 398 766 39.
426 699 553 759 Partes
580 729 649 758 bilis
675 729 881 759 constitutivae
906 737 966 758 non
996 729 1170 758 infitiandam
1195 727 1352 765 analogiam
1390 735 1455 756 cum
1478 727 1618 765 sanguine
1641 738 1706 766 prae
1734 740 1764 760 se

263 781 336 809 ferre
351 781 502 816 videntur,
525 781 575 809 sed
592 789 657 809 eum
683 780 793 810 fortius
813 781 886 810 inter
906 790 937 810 se
955 781 1127 816 cohaerent,
1149 786 1177 809 et
1193 780 1321 809 exactius
1349 779 1456 808 mixtae
1473 784 1565 813 sunt,
1585 781 1777 817 sponte-non*

261 831 418 867 secedunt,
439 832 482 860 uti
509 833 606 861 locum
635 832 719 861 habet
742 832 772 861 in
792 832 949 869 sanguine3
985 834 1035 862 sed
1060 833 1151 870 maJ'or
1176 832 1314 868 quaedam
1336 831 1492 867 requiritur
1511 832 1580 868 vis,
1608 841 1681 868 quae
1706 842 1770 871 par-

265 883 335 912 tium
352 883 592 916 constituentium
615 891 760 913 secessum
784 884 884 913 efficiat
904 885 984 922 (a).
1422 894 1425 896 ’

301 937 332 972 §-
354 944 400 973 40.
441 934 536 971 Bffis,
556 935 672 964 modico
690 936 779 964 calori
797 936 929 972 exposita
951 935 1077 972 pondere
1093 934 1254 970 minuitur,
1283 940 1378 970 partes
1408 942 1554 970 aquosae,
1577 935 1674 964 odoris
1697 943 1781 965 nam·

261 986 359 1022 seosi,
379 987 548 1016 exhalantur
561 993 590 1015 et
606 987 734 1023 reliquae
752 987 782 1016 in
802 993 959 1015 extractum
979 993 1138 1014 mutantur.
1771 994 1779 998 *·

299 1039 329 1073 §-
349 1045 400 1072 41.
440 1038 610 1067 Extractum
635 1038 666 1067 in
697 1038 851 1066 crucibulo
869 1038 930 1074 igni
954 1037 1117 1072 expositum
1143 1034 1383 1071 decomponitur,
1413 1036 1534 1072 largitur
1552 1034 1765 1074 'hydrogenium

259 1087 483 1123 sulphuricum‚
503 1089 716 1118 ammoniacum
743 1087 976 1126 phosphoricum
1002 1093 1030 1117 et
1055 1087 1244 1122 carboniam,
1265 1087 1360 1116 oleum
1385 1088 1657 1124 empyreumaticum
1678 1095 1706 1118 et
1725 1097 1767 1118 re-

256 1138 374 1167 siduum
394 1139 546 1169 carbonem
567 1140 648 1178 (b).

296 1192 327 1227 S.
348 1199 398 1228 42.
440 1190 579 1228 Liquor,
611 1191 662 1227 qui
680 1190 710 1219 in
730 1197 865 1220 retortam
888 1191 932 1221 vel
959 1192 1172 1229 receptaculum
1194 1189 1298 1219 transit
1319 1190 1416 1218 colore
1439 1189 1572 1226 bruneo,
1592 1189 1704 1220 foetore
1726 1191 1770 1222 in·

261 1240 356 1278 signi,
377 1243 508 1272 continet
522 1242 662 1272 carbonas
679 1242 847 1271 ammoniae.

299 1294 328 1328 s.
349 1302 398 1330 43.
438 1294 513 1323 Dein
541 1293 635 1322 oritur
658 1294 752 1322 oleum
791 1294 1088 1331 empyreumaticum,
1114 1294 1267 1324 admodum
1295 1293 1438 1330 ingratum
1468 1301 1604 1330 spargens
1630 1293 1769 1330 odorem,

261 1344 329 1372 dum
348 1343 487 1372 carbonas
505 1344 660 1373 ammoniae
678 1344 734 1372 sub
760 1343 851 1372 forma
871 1346 1074 1381 crystallorum
1101 1345 1258 1381 parietibus
1285 1350 1407 1372 retortae
1433 1343 1574 1380 affigitur,
1594 1352 1623 1373 et
1649 1345 1768 1374 fluidum

260 1395 410 1423 elasticum
437 1401 573 1423 constans
592 1402 626 1422 ex
642 1402 692 1430 gas
717 1393 800 1422 acido
818 1394 974 1423 carbonico
998 1393 1025 1424 et
1048 1404 1099 1432 gas
1126 1395 1302 1432 hydrogenio
1328 1394 1511 1423 carbonisato
1536 1402 1564 1423 et
1593 1395 1769 1431 sulphurato

257 1445 414 1474 exhalatur.

299 1497 330 1532 §.
351 1505 399 1533 44.
440 1496 663 1526 Carbonaceum
692 1496 884 1532 elementum,
915 1504 1017 1533 magna
1042 1496 1126 1532 copia
1149 1495 1203 1524 bili
1226 1495 1338 1530 inesse,
1366 1501 1545 1532 agnoverunt
1569 1493 1653 1524 etiam
1677 1495 1768 1532 prisci

261 1547 364 1575 medici
381 1548 569 1585 physiologi,
590 1548 640 1583 qui
656 1547 742 1576 bilem
762 1548 871 1576 secerni
896 1557 911 1575 a
926 1549 1066 1584 sanguine
1081 1555 1130 1584 per
1146 1554 1246 1575 venam
1269 1552 1416 1582 portarum
1440 1547 1548 1582 allato,
1568 1554 1595 1575 et
1616 1547 1767 1583 phlogisto

260 1605 311 1626 seu
337 1597 481 1635 principio
508 1599 685 1628 carbonaceo
713 1599 815 1634 diviti,
843 1597 1046 1627 adfirmabant:
1075 1607 1134 1627 non
1157 1603 1251 1626 tamen
1272 1597 1343 1626 idem
1369 1598 1500 1635 junctum
1524 1605 1588 1626 esse
1605 1598 1769 1627 statuebant

261 1656 328 1677 cum
347 1656 426 1684 parte
442 1649 510 1679 bilis
529 1650 677 1685 resinosa,
697 1650 748 1678 sed
771 1655 851 1679 cum*
866 1651 992 1687 ejusdem
1020 1655 1098 1686 parte
1124 1649 1222 1677 oleosa
1244 1655 1272 1676 et
1297 1649 1392 1678 oleum
1415 1649 1527 1684 quidem
1551 1649 1657 1684 duplex
1681 1649 1768 1684 idque

261 1706 307 1728 sat
334 1708 435 1736 magna
464 1701 568 1736 copia,
591 1700 620 1729 in
641 1701 697 1729 bile
724 1702 887 1737 ponebant:
919 1702 998 1737 quod
1018 1701 1090 1729 enim
1116 1700 1208 1736 primo
1228 1700 1314 1736 loco,
1335 1707 1404 1736 post
1426 1701 1552 1729 abactam
1575 1700 1764 1729 inhaerentem

263 1758 387 1786 aquam,
408 1752 442 1780 de
459 1751 517 1779 bile
534 1758 699 1788 exsurgeret
720 1753 834 1787 oleum,
855 1752 961 1789 spiritu
987 1752 1098 1786 levius,
1126 1751 1228 1780 flavum
1253 1759 1280 1779 et
1301 1751 1430 1787 lentum3
1453 1752 1569 1780 alterum
1596 1759 1684 1786 vero,
1707 1750 1767 1787 spi-

264 1800 322 1828 ritu
339 1801 478 1837 gravius,
501 1802 612 1838 piceum
628 1823 638 1837 ‚
659 1803 771 1838 nigrum
792 1809 819 1831 et
835 1803 1109 1839 empyreumaticum
1126 1802 1275 1832 habebant.
1317 1803 1382 1832 Olei
1398 1803 1582 1839 praesentiam
1600 1802 1628 1830 in
1649 1802 1704 1830 bile
1719 1810 1766 1831 ex-

262 1851 326 1881 inde
349 1844 527 1883 manifestam
545 1853 613 1883 olim
631 1854 801 1890 crejebaut,
832 1855 911 1890 quod
938 1854 1006 1883 bilis
1027 1855 1127 1884 leniter
1151 1854 1307 1891 inspissata
1333 1855 1404 1884 laete
1430 1855 1522 1883 ardeat
1549 1854 1684 1891 quodque
1708 1853 1766 1881 cal-

1719 1911 1772 1933 cu-

288 1968 336 1994 (a)
361 1968 397 1990 Cf.
414 1969 533 1994 ,wer-:yn
549 1969 626 1992 ssleIet,
642 1967 665 1990 l.
683 1969 741 1991 [tile.

283 2007 335 2035 (h)
353 2009 391 2031 Cf.
406 2009 528 2035 Sjv‘cr'fgsl,
545 2011 600 2032 lat,
617 2010 680 2034 [Ιϋῑ-
700 2012 727 2033 Τ.
747 2017 765 2033 1.
788 2018 812 2038 p·
827 2016 874 2039 353-
890 2009 909 2034 S·
923 2016 975 2037 1⁴⁰·
