1946 2517
285 106 663 151 COMMEN'MTIO'M‘)
686 118 987 158 QUAEsnoNEzu
1008 104 1350 152 PfflLOSOPHlCAM.
1532 131 1567 160 37

60 200 175 242 libum,
196 213 251 234 non
273 189 373 239 vivet.
387 198 493 232 subduc
523 206 646 239 amicos,
674 205 752 232 vivet
781 208 810 231 et
834 201 946 240 quidem
968 193 1069 238 beate,
1090 209 1183 232 tamen
1210 198 1328 232 omnino
1355 203 1423 232 haec
1446 190 1567 233 senecae

58 260 143 287 verba
165 256 338 285 contrarium
358 263 473 284 sensum
500 256 614 285 habent.
659 253 779 289 Sapiens
801 262 832 282 se
856 254 922 289 ipso
951 262 1106 283 contentus
1125 261 1190 290 est,
1210 255 1261 283 sed
1279 261 1372 283 tamen
1397 261 1424 282 et
1444 254 1565 283 amicum

57 309 157 337 habere
183 307 246 336 vult
275 313 302 335 et
325 306 452 335 vicinum
480 311 507 334 et
539 305 787 338 contubernalem,
818 304 948 339 quamvis
973 306 1029 333 sibi
1055 306 1115 342 ipse
1147 305 1281 334 sufficiat.
1329 305 1429 340 Haec,
1458 305 1573 337 etiamsi

56 359 112 389 sibi
139 359 232 387 desint
255 366 314 387 non
335 358 487 386 desiderat.
528 357 584 386 Sed
611 365 670 385 non
696 356 793 383 deesse
819 355 928 383 mavult
949 357 1025 392 (1).
1079 356 1110 385 Si
1131 364 1223 386 autem
1252 357 1307 386 hoc
1340 357 1504 393 paradoxon
1528 357 1565 383 ita

56 411 256 447 explicamus,
287 409 328 438 nil
357 409 482 444 mirum,
514 409 556 437 nil
583 407 653 436 novi
685 407 789 440 habet,
818 406 952 442 vulgare,
983 407 1106 442 tritum,
1133 408 1167 436 ab
1198 408 1333 437 omnibus
1368 409 1515 446 cognitum
1542 415 1568 437 et

56 462 210 498 probatum
238 468 292 490 est.
314 478 352 486 —
371 460 412 490 Et
435 459 638 497 philosophiae
662 464 816 495 apparatus
838 457 885 486 hic
905 458 946 486 nil
973 459 1030 487 nisi
1053 459 1165 496 ineptae
1184 461 1400 497 cavillationes,
1421 461 1570 498 ineptique

53 513 113 551 joci
136 514 278 543 videntur.

637 562 685 591 De
706 562 802 600 officiis
823 570 894 599 erga
914 563 998 593 alios.

91 616 205 646 Horum
224 615 381 645 officiorum
399 616 510 645 nullum
534 615 591 644 nisi
611 614 806 643 misericordia
830 621 857 642 et
875 613 1066 643 offensionum
1088 614 1263 643 condonatio
1284 615 1332 643 uni
1355 615 1493 651 alterique
1511 616 1570 643 ani-

56 668 244 697 madversioni
271 676 366 696 ansam
395 667 534 704 praebet,
554 666 729 703 reliquorum
760 665 836 694 enim
865 664 1022 694 officiorum
1048 667 1222 694 enumeratio
1246 666 1307 695 sive
1331 667 1467 695 indicatio
1494 666 1571 695 suffi-

52 727 116 748 cere
136 720 261 749 videtur.

91 772 135 801 De
158 771 365 807 conjunctiane
388 770 536 799 hominum
568 770 640 799 inter
663 778 694 798 se
718 769 840 798 invicem
867 770 955 798 multa
983 770 1123 806 praeclara
1147 770 1300 797 traduntur
1328 777 1342 798 a
1361 769 1481 798 Stoicis.
1521 768 1571 797 Sa·

52 821 132 859 piens
153 822 289 851 omnibus
309 823 378 850 bene
397 822 487 850 facere
503 823 598 851 debet.
637 822 727 857 Diog.
748 822 845 850 Laert.
871 823 936 851 Vll.
961 829 1026 857 125.
1069 821 1120 850 Cl'.
1144 821 1282 849 Catonem
1304 821 1380 857 apud
1399 821 1568 850 Ciceronem

55 875 89 904 de
111 873 175 902 Fin.
198 875 253 903 lv.
275 881 309 902 αι
338 873 501 901 Stoicorum
531 871 746 908 philosophiam
770 879 973 907 exponentem.
1101 867 1106 869 ”

92 923 257 952 Amicitiam
283 932 402 959 quoque
418 924 629 952 commendavit
646 924 726 951 Zeno
760 923 864 961 (Diog.
887 923 983 951 Laert.
1003 921 1068 951 Vll.
1093 930 1148 960 124
1168 929 1195 951 et
1215 923 1279 952 Cic.
1302 923 1322 952 1.
1337 925 1385 959 c.)
1409 923 1572 952 Amicitiam

58 975 151 1012 ipsam
175 975 276 1003 dicunt
305 975 397 1003 Stoici
418 975 521 1011 (apud
547 974 635 1010 Diog.
659 975 678 1003 Ι.
697 976 750 1010 c.)
773 975 936 1002 societatem
957 975 1109 1010 quamdam
1140 975 1268 1003 omnium
1294 982 1365 1010 quae
1391 975 1512 1002 suntad
1529 974 1574 1002 vi-

56 1033 114 1055 tam
141 1025 320 1061 necessaria,
350 1032 417 1053 cum
442 1024 540 1053 amicis
569 1032 602 1052 ut
623 1024 712 1053 nobis
738 1022 814 1059 ipsis
841 1031 974 1054 utamur:
1004 1031 1091 1060 atque
1120 1033 1237 1061 propter
1265 1033 1295 1053 se
1329 1025 1423 1060 ipsum
1449 1025 1573 1053 amicum

59 1077 220 1114 eligendum
247 1076 454 1112 pronuntiant,
480 1074 696 1111 amicorumque
722 1075 934 1104 multitudinem
953 1076 1026 1104 inter
1048 1085 1099 1111 ea,
1129 1084 1200 1112 quae
1227 1077 1380 1112 expetenda
1405 1085 1491 1112 sunt,
1520 1085 1574 1114 po-

57 1135 153 1158 nunt:
176 1128 251 1156 inter
271 1127 363 1155 malos
383 1127 537 1155 amicitiam
553 1131 628 1155 'esse
654 1135 711 1156 non
736 1134 831 1163 posse.
872 1126 927 1155 Sed
950 1126 1022 1155 inter
1052 1127 1197 1162 sapientes
1222 1128 1316 1156 solum
1343 1128 1494 1157 amicitiam
1513 1137 1576 1158 esse

58 1187 160 1217 posse.
201 1178 278 1207 Haec
302 1178 389 1207 latius
415 1178 535 1214 exponit
560 1184 587 1206 et
606 1178 678 1206 locis
704 1178 879 1215 scriptorum
901 1178 1052 1207 confirmat
1072 1179 1194 1215 Lipsius
1215 1180 1252 1208 L.
1273 1179 1320 1209 111.
1342 1179 1411 1208 diss.
1434 1181 1478 1210 16.

95 1230 175 1259 Zeno
202 1238 321 1266 quoque
352 1230 455 1258 statuit
487 1230 561 1265 apud
588 1230 677 1266 Diog.
698 1228 794 1260 Laert.
826 1229 894 1259 vu.
920 1238 973 1259 120
1000 1230 1137 1259 colendos
1171 1238 1233 1259 esse
1258 1237 1388 1267 parentes
1416 1238 1447 1259 ac
1472 1230 1573 1261 fratres

53 1290 87 1311 ac
109 1289 244 1316 sorores,
265 1281 399 1318 proximo
425 1280 491 1308 loco
516 1281 672 1309 secundum
701 1281 792 1310 Deos.

95 1333 256 1369 Sapientem
279 1339 400 1368 quoque
425 1338 608 1360 accessurum
635 1331 670 1360 ad
694 1331 897 1367 rempublicam
924 1330 981 1359 nisi
1007 1331 1077 1367 quid
1101 1330 1255 1368 impediat,
1277 1339 1402 1368 namque
1420 1339 1447 1362 et
1464 1340 1574 1370 repres-

61 1383 160 1413 s'urum
186 1382 256 1412 vitia
276 1389 303 1411 et
323 1383 357 1411 ad
378 1382 511 1411 virtutem
537 1382 766 1414 adhortaturum.
779 1391 840 1411 esse
860 1390 942 1414 suos.

97 1428 210 1464 Sinceri'
235 1440 303 1462 sunt
329 1433 491 1469 sapientes,
513 1442 528 1462 a
547 1433 623 1462 fastu
651 1433 771 1468 remoti,
796 1440 945 1468 propterea
974 1433 1109 1469 quoniam
1134 1433 1207 1462 tanti
1232 1433 1369 1462 honorem
1398 1440 1425 1462 et
1453 1435 1572 1471 gloriam

60 1486 207 1516 aestimant
228 1483 329 1521 quanti
357 1484 478 1513 dedecus
506 1489 533 1512 et
555 1484 742 1520 ignominiam
764 1484 877 1521 (Diog.
899 1483 997 1513 Laert.
1024 1485 1101 1520 VH,
1126 1485 1215 1522 ιη).
1258 1484 1374 1522 Quibus
1396 1486 1465 1515 adde
1498 1486 1578 1515 Sto'r'-

57 1547 122 1568 cum
147 1538 289 1568 Catonem
315 1537 390 1573 apud
418 1536 485 1565 Cic.
508 1536 542 1564 de
560 1535 626 1566 Fin.
648 1534 700 1565 111.
727 1544 771 1573 17.
811 1534 907 1564 Bonae
927 1534 1018 1564 famae
1041 1544 1127 1565 causa
1148 1544 1182 1565 ne
1202 1535 1324 1573 digitum
1349 1536 1463 1573 quidem
1484 1538 1577 1574 porri·

61 1591 188 1628 gendum·
208 1597 271 1618 esse
291 1593 420 1617 censent.

99 1642 190 1670 Porro
213 1648 271 1669 non
293 1639 417 1669 misereri
446 1639 614 1675 sapientem.
643 1638 759 1676 (Diog.
780 1637 877 1668 Laert.
900 1638 967 1668 VH.
992 1639 1085 1676 123.)
1118 1639 1210 1668 Sto’ici
1240 1645 1270 1668 ut
1294 1647 1376 1675 saepe
1398 1639 1439 1668 sic
1463 1646 1490 1669 et
1518 1640 1574 1670 hoc

62 1693 149 1727 loco,
176 1698 331 1728 postquam
354 1698 537 1726 praeceptum
566 1691 701 1719 dederunt
726 1691 847 1719 immane
872 1696 899 1717 et
919 1691 1107 1720 inhumanum
1137 1692 1302 1727 quoddam,
1323 1691 1382 1720 hoc
1410 1692 1509 1721 deinde
1534 1692 1573 1721 ita

60 1743 203 1780 explicant
225 1742 268 1770 vel
284 1742 448 1779 mitigant,
472 1748 501 1771 ut
528 1742 679 1771 verborum
706 1739 948 1777 significationem
975 1743 1059 1779 plane
1084 1750 1206 1772 mutent.

75 1817 78 1819 -
103 1794 263 1826 Delirantis
287 1794 391 1823 meniis
417 1795 630 1824 commotiones
653 1794 795 1823 tollendas
813 1794 989 1830 censebant,
1007 1800 1034 1823 et
1059 1793 1170 1823 homini
1195 1801 1306 1824 ornnem
1330 1801 1446 1824 sensum
1467 1794 1573 1831 eripere

1534 1854 1577 1874 vr-

89 1921 154 1958 (1)
173 1923 266 1949 Seneca
290 1921 342 1955 Ep.
354 1929 382 1956 9.

873 1968 904 1998 Έ
927 1976 943 2004 ³
