<?xml version="1.0" encoding="UTF-8"?>
<!DOCTYPE html PUBLIC "-//W3C//DTD XHTML 1.0 Transitional//EN"
    "http://www.w3.org/TR/xhtml1/DTD/xhtml1-transitional.dtd">
<html xmlns="http://www.w3.org/1999/xhtml" xml:lang="en" lang="en">
 <head>
  <title>
</title>
<meta http-equiv="Content-Type" content="text/html;charset=utf-8" />
  <meta name='ocr-system' content='tesseract 3.04.00' />
  <meta name='ocr-capabilities' content='ocr_page ocr_carea ocr_par ocr_line ocrx_word'/>
</head>
<body>
  <div class='ocr_page' id='page_1' title='image "annalesacademiae21rijk_0135.png"; bbox 0 0 1946 2517; ppageno 0'>
   <div class='ocr_carea' id='block_1_1' title="bbox 348 160 1578 203">
    <p class='ocr_par' dir='ltr' id='par_1_1' title="bbox 348 160 1578 203">
     <span class='ocr_line' id='line_1_1' title="bbox 348 160 1578 203; baseline 0.002 -11"><span class='ocrx_word' id='word_1_1' title='bbox 348 161 570 195; x_wconf 85' lang='lat' dir='ltr'>RESPONSIO</span> <span class='ocrx_word' id='word_1_2' title='bbox 590 171 632 193; x_wconf 80' lang='lat' dir='ltr'><strong>AD</strong></span> <span class='ocrx_word' id='word_1_3' title='bbox 656 160 958 200; x_wconf 87' lang='lat' dir='ltr'><strong>QUAESTIONEM</strong></span> <span class='ocrx_word' id='word_1_4' title='bbox 979 160 1297 194; x_wconf 89' lang='lat' dir='ltr'>THEOLOGICAM.</span> <span class='ocrx_word' id='word_1_5' title='bbox 1542 163 1578 203; x_wconf 65' lang='lat'><strong>19</strong></span> 
     </span>
    </p>
   </div>
   <div class='ocr_carea' id='block_1_2' title="bbox 49 244 1579 752">
    <p class='ocr_par' dir='ltr' id='par_1_2' title="bbox 49 244 1579 750">
     <span class='ocr_line' id='line_1_2' title="bbox 49 244 1574 283; baseline -0.003 -4"><span class='ocrx_word' id='word_1_6' title='bbox 49 248 201 282; x_wconf 80' lang='lat' dir='ltr'><strong>,rationem</strong></span> <span class='ocrx_word' id='word_1_7' title='bbox 225 245 340 283; x_wconf 75' lang='lat' dir='ltr'><strong>haberet</strong></span> <span class='ocrx_word' id='word_1_8' title='bbox 360 247 537 275; x_wconf 87' lang='lat' dir='ltr'><strong>diversorum</strong></span> <span class='ocrx_word' id='word_1_9' title='bbox 566 251 700 274; x_wconf 86' lang='lat' dir='ltr'><strong>coetuum</strong></span> <span class='ocrx_word' id='word_1_10' title='bbox 715 265 725 280; x_wconf 79' lang='grc'><strong>,</strong></span> <span class='ocrx_word' id='word_1_11' title='bbox 746 244 779 272; x_wconf 87' lang='lat' dir='ltr'><strong>ad</strong></span> <span class='ocrx_word' id='word_1_12' title='bbox 805 252 880 280; x_wconf 87' lang='lat' dir='ltr'><strong>quos</strong></span> <span class='ocrx_word' id='word_1_13' title='bbox 905 245 1069 281; x_wconf 78' lang='lat' dir='ltr'><strong>Epistolam</strong></span> <span class='ocrx_word' id='word_1_14' title='bbox 1092 245 1232 275; x_wconf 83' lang='lat' dir='ltr'><strong>mittebat.</strong></span> <span class='ocrx_word' id='word_1_15' title='bbox 1257 245 1354 282; x_wconf 85' lang='lat' dir='ltr'><strong>(Vid.</strong></span> <span class='ocrx_word' id='word_1_16' title='bbox 1380 244 1453 281; x_wconf 88' lang='lat' dir='ltr'>Cap.</span> <span class='ocrx_word' id='word_1_17' title='bbox 1473 244 1504 273; x_wconf 84' lang='lat'><strong>1:</strong></span> <span class='ocrx_word' id='word_1_18' title='bbox 1529 247 1574 283; x_wconf 91' lang='lat'><strong>1)</strong></span> 
     </span>
     <span class='ocr_line' id='line_1_3' title="bbox 50 294 1576 335; baseline -0.001 -6"><span class='ocrx_word' id='word_1_19' title='bbox 50 295 52 297; x_wconf 50' lang='grc'><strong>’</strong></span> <span class='ocrx_word' id='word_1_20' title='bbox 96 299 190 330; x_wconf 69' lang='grc' dir='ltr'><strong>Ἀλλὰ</strong></span> <span class='ocrx_word' id='word_1_21' title='bbox 222 299 301 328; x_wconf 76' lang='grc' dir='ltr'><strong><em>τόποι</em></strong></span> <span class='ocrx_word' id='word_1_22' title='bbox 326 299 456 333; x_wconf 65' lang='grc' dir='ltr'><strong><em>γινόμενοι</em></strong></span> <span class='ocrx_word' id='word_1_23' title='bbox 482 301 528 328; x_wconf 82' lang='grc' dir='ltr'><strong>τοῦ</strong></span> <span class='ocrx_word' id='word_1_24' title='bbox 558 298 679 334; x_wconf 75' lang='grc' dir='ltr'><strong>ποιμνίου</strong></span> <span class='ocrx_word' id='word_1_25' title='bbox 697 316 708 332; x_wconf 88' lang='grc'><strong>,</strong></span> <span class='ocrx_word' id='word_1_26' title='bbox 737 294 787 322; x_wconf 82' lang='lat' dir='ltr'><strong>sed</strong></span> <span class='ocrx_word' id='word_1_27' title='bbox 808 295 916 332; x_wconf 78' lang='lat' dir='ltr'><em>singuli</em></span> <span class='ocrx_word' id='word_1_28' title='bbox 938 298 1096 335; x_wconf 79' lang='lat' dir='ltr'><strong>exemplum</strong></span> <span class='ocrx_word' id='word_1_29' title='bbox 1120 299 1207 334; x_wconf 74' lang='lat' dir='ltr'><strong>gregi</strong></span> <span class='ocrx_word' id='word_1_30' title='bbox 1229 296 1408 335; x_wconf 75' lang='lat' dir='ltr'><em>praebentes.</em></span> <span class='ocrx_word' id='word_1_31' title='bbox 1450 296 1576 332; x_wconf 73' lang='grc' dir='ltr'><strong><em>Ποίμνκν</em></strong></span> 
     </span>
     <span class='ocr_line' id='line_1_4' title="bbox 57 346 1577 386; baseline -0.005 -5"><span class='ocrx_word' id='word_1_32' title='bbox 57 353 155 382; x_wconf 87' lang='lat' dir='ltr'><strong>eodem</strong></span> <span class='ocrx_word' id='word_1_33' title='bbox 181 358 270 379; x_wconf 90' lang='lat' dir='ltr'><strong>sensu</strong></span> <span class='ocrx_word' id='word_1_34' title='bbox 297 350 513 386; x_wconf 78' lang='lat' dir='ltr'><strong>accipiendum,</strong></span> <span class='ocrx_word' id='word_1_35' title='bbox 536 358 595 386; x_wconf 87' lang='lat' dir='ltr'><strong>quo</strong></span> <span class='ocrx_word' id='word_1_36' title='bbox 621 357 648 379; x_wconf 83' lang='lat' dir='ltr'><strong>c.</strong></span> <span class='ocrx_word' id='word_1_37' title='bbox 667 357 694 378; x_wconf 86' lang='lat'><strong>2.</strong></span> <span class='ocrx_word' id='word_1_38' title='bbox 717 346 751 375; x_wconf 80' lang='lat' dir='ltr'><strong>dc</strong></span> <span class='ocrx_word' id='word_1_39' title='bbox 777 352 856 375; x_wconf 75' lang='lat' dir='ltr'><strong>coetu</strong></span> <span class='ocrx_word' id='word_1_40' title='bbox 885 347 1131 379; x_wconf 65' lang='lat' dir='ltr'><strong>Christianorum.</strong></span> <span class='ocrx_word' id='word_1_41' title='bbox 1170 349 1215 378; x_wconf 88' lang='lat' dir='ltr'><strong>De</strong></span> <span class='ocrx_word' id='word_1_42' title='bbox 1243 348 1329 377; x_wconf 86' lang='lat' dir='ltr'><strong>variis</strong></span> <span class='ocrx_word' id='word_1_43' title='bbox 1356 346 1577 384; x_wconf 79' lang='lat' dir='ltr'><strong>significationi-</strong></span> 
     </span>
     <span class='ocr_line' id='line_1_5' title="bbox 57 399 1575 440; baseline -0.005 -6"><span class='ocrx_word' id='word_1_44' title='bbox 57 403 112 433; x_wconf 88' lang='lat' dir='ltr'><strong>bus</strong></span> <span class='ocrx_word' id='word_1_45' title='bbox 138 401 216 430; x_wconf 74' lang='lat' dir='ltr'><strong>verbi</strong></span> <span class='ocrx_word' id='word_1_46' title='bbox 239 401 324 434; x_wconf 72' lang='grc' dir='ltr'><strong><em>τύπος</em></strong></span> <span class='ocrx_word' id='word_1_47' title='bbox 361 400 421 429; x_wconf 77' lang='lat' dir='ltr'><strong>vid·</strong></span> <span class='ocrx_word' id='word_1_48' title='bbox 457 400 624 430; x_wconf 74' lang='lat' dir='ltr'><strong>Gatakertts</strong></span> <span class='ocrx_word' id='word_1_49' title='bbox 658 399 688 428; x_wconf 78' lang='lat' dir='ltr'><strong>in</strong></span> <span class='ocrx_word' id='word_1_50' title='bbox 720 401 912 432; x_wconf 68' lang='lat' dir='ltr'><strong>Adversas-iis</strong></span> <span class='ocrx_word' id='word_1_51' title='bbox 943 406 1036 432; x_wconf 77' lang='lat' dir='ltr'><strong>sacris</strong></span> <span class='ocrx_word' id='word_1_52' title='bbox 1061 411 1089 431; x_wconf 88' lang='lat' dir='ltr'><strong>c.</strong></span> <span class='ocrx_word' id='word_1_53' title='bbox 1111 411 1150 440; x_wconf 82' lang='lat'><strong>43</strong></span> <span class='ocrx_word' id='word_1_54' title='bbox 1183 402 1231 430; x_wconf 88' lang='lat' dir='ltr'><strong>hic</strong></span> <span class='ocrx_word' id='word_1_55' title='bbox 1263 400 1392 429; x_wconf 82' lang='lat' dir='ltr'><strong>denotari</strong></span> <span class='ocrx_word' id='word_1_56' title='bbox 1417 399 1575 437; x_wconf 45' lang='lat' dir='ltr'><strong>exemplos-n</strong></span> 
     </span>
     <span class='ocr_line' id='line_1_6' title="bbox 54 451 1576 496; baseline -0.002 -14"><span class='ocrx_word' id='word_1_57' title='bbox 54 453 134 496; x_wconf 62' lang='lat' dir='ltr'><strong>quod</strong></span> <span class='ocrx_word' id='word_1_58' title='bbox 155 453 228 483; x_wconf 11' lang='lat' dir='ltr'><strong>taliis</strong></span> <span class='ocrx_word' id='word_1_59' title='bbox 256 451 430 482; x_wconf 79' lang='lat' dir='ltr'><strong>imitandum</strong></span> <span class='ocrx_word' id='word_1_60' title='bbox 452 454 648 491; x_wconf 77' lang='lat' dir='ltr'><em>proponitur,</em></span> <span class='ocrx_word' id='word_1_61' title='bbox 680 454 792 483; x_wconf 86' lang='lat' dir='ltr'><strong>nullum</strong></span> <span class='ocrx_word' id='word_1_62' title='bbox 825 462 870 483; x_wconf 87' lang='lat' dir='ltr'><strong>est</strong></span> <span class='ocrx_word' id='word_1_63' title='bbox 899 455 1032 483; x_wconf 88' lang='lat' dir='ltr'><strong>dubium.</strong></span> <span class='ocrx_word' id='word_1_64' title='bbox 1080 454 1124 482; x_wconf 93' lang='lat' dir='ltr'><strong>De</strong></span> <span class='ocrx_word' id='word_1_65' title='bbox 1157 453 1266 480; x_wconf 87' lang='lat' dir='ltr'><strong>ratione</strong></span> <span class='ocrx_word' id='word_1_66' title='bbox 1296 458 1323 480; x_wconf 85' lang='lat' dir='ltr'><strong>et</strong></span> <span class='ocrx_word' id='word_1_67' title='bbox 1354 451 1449 479; x_wconf 82' lang='lat' dir='ltr'><strong>indole</strong></span> <span class='ocrx_word' id='word_1_68' title='bbox 1487 451 1576 487; x_wconf 88' lang='lat' dir='ltr'><strong>hujus</strong></span> 
     </span>
     <span class='ocr_line' id='line_1_7' title="bbox 55 500 1577 542; baseline 0 -10"><span class='ocrx_word' id='word_1_69' title='bbox 55 504 201 541; x_wconf 83' lang='lat' dir='ltr'>praecepti</span> <span class='ocrx_word' id='word_1_70' title='bbox 226 503 301 533; x_wconf 79' lang='lat' dir='ltr'><strong>infra</strong></span> <span class='ocrx_word' id='word_1_71' title='bbox 324 511 450 540; x_wconf 87' lang='lat' dir='ltr'><strong>agemus.</strong></span> <span class='ocrx_word' id='word_1_72' title='bbox 501 502 594 533; x_wconf 85' lang='lat' dir='ltr'><strong>conf.</strong></span> <span class='ocrx_word' id='word_1_73' title='bbox 618 504 695 533; x_wconf 89' lang='lat' dir='ltr'><strong>Phil.</strong></span> <span class='ocrx_word' id='word_1_74' title='bbox 721 505 851 542; x_wconf 54' lang='lat' dir='ltr'>lII:*17.</span> <span class='ocrx_word' id='word_1_75' title='bbox 884 513 896 534; x_wconf 94' lang='lat'>1</span> <span class='ocrx_word' id='word_1_76' title='bbox 917 504 993 533; x_wconf 82' lang='lat' dir='ltr'><strong>Tim.</strong></span> <span class='ocrx_word' id='word_1_77' title='bbox 1018 503 1081 534; x_wconf 83' lang='lat' dir='ltr'><strong>lv=</strong></span> <span class='ocrx_word' id='word_1_78' title='bbox 1106 511 1153 533; x_wconf 82' lang='lat'><strong>12.</strong></span> <span class='ocrx_word' id='word_1_79' title='bbox 1179 503 1241 532; x_wconf 86' lang='lat' dir='ltr'><strong>Tit.</strong></span> <span class='ocrx_word' id='word_1_80' title='bbox 1266 502 1313 532; x_wconf 88' lang='lat' dir='ltr'><strong>II:</strong></span> <span class='ocrx_word' id='word_1_81' title='bbox 1337 512 1376 540; x_wconf 78' lang='lat'><strong>7,</strong></span> <span class='ocrx_word' id='word_1_82' title='bbox 1399 502 1426 531; x_wconf 90' lang='lat'><strong>8.</strong></span> <span class='ocrx_word' id='word_1_83' title='bbox 1456 500 1577 532; x_wconf 84' lang='lat' dir='ltr'><strong>2Thes.</strong></span> 
     </span>
     <span class='ocr_line' id='line_1_8' title="bbox 52 544 1578 594; baseline -0.004 -8"><span class='ocrx_word' id='word_1_84' title='bbox 52 544 118 594; x_wconf 54' lang='lat'>111:</span> <span class='ocrx_word' id='word_1_85' title='bbox 141 564 261 593; x_wconf 76' lang='lat'>7-10,</span> <span class='ocrx_word' id='word_1_86' title='bbox 293 555 405 592; x_wconf 85' lang='lat' dir='ltr'><strong>aliaque</strong></span> <span class='ocrx_word' id='word_1_87' title='bbox 431 554 504 584; x_wconf 89' lang='lat' dir='ltr'><strong>infra</strong></span> <span class='ocrx_word' id='word_1_88' title='bbox 529 555 653 586; x_wconf 77' lang='lat' dir='ltr'><strong>citanda.</strong></span> <span class='ocrx_word' id='word_1_89' title='bbox 695 555 752 584; x_wconf 85' lang='lat' dir='ltr'><strong>Hic</strong></span> <span class='ocrx_word' id='word_1_90' title='bbox 778 561 871 583; x_wconf 85' lang='lat' dir='ltr'><strong>autem</strong></span> <span class='ocrx_word' id='word_1_91' title='bbox 893 555 1196 590; x_wconf 86' lang='lat' dir='ltr'><strong>animadvertendum,</strong></span> <span class='ocrx_word' id='word_1_92' title='bbox 1220 562 1304 589; x_wconf 87' lang='lat' dir='ltr'><strong>quam</strong></span> <span class='ocrx_word' id='word_1_93' title='bbox 1332 553 1443 589; x_wconf 82' lang='lat' dir='ltr'><strong>egregia</strong></span> <span class='ocrx_word' id='word_1_94' title='bbox 1464 552 1502 581; x_wconf 91' lang='lat' dir='ltr'><strong>sit</strong></span> <span class='ocrx_word' id='word_1_95' title='bbox 1525 561 1578 588; x_wconf 89' lang='lat' dir='ltr'><strong>op-</strong></span> 
     </span>
     <span class='ocr_line' id='line_1_9' title="bbox 55 605 1579 646; baseline 0 -12"><span class='ocrx_word' id='word_1_96' title='bbox 55 606 186 644; x_wconf 83' lang='lat' dir='ltr'><strong>positio:</strong></span> <span class='ocrx_word' id='word_1_97' title='bbox 220 627 238 645; x_wconf 78' lang='lat'>„</span> <span class='ocrx_word' id='word_1_98' title='bbox 257 608 384 644; x_wconf 86' lang='lat' dir='ltr'>praesint</span> <span class='ocrx_word' id='word_1_99' title='bbox 409 607 534 636; x_wconf 87' lang='lat' dir='ltr'><strong>ministri</strong></span> <span class='ocrx_word' id='word_1_100' title='bbox 563 607 637 636; x_wconf 87' lang='lat' dir='ltr'><strong>sacri</strong></span> <span class='ocrx_word' id='word_1_101' title='bbox 666 607 822 645; x_wconf 86' lang='lat' dir='ltr'><strong>coetibus,</strong></span> <span class='ocrx_word' id='word_1_102' title='bbox 851 617 910 638; x_wconf 90' lang='lat' dir='ltr'><strong>non</strong></span> <span class='ocrx_word' id='word_1_103' title='bbox 938 616 969 638; x_wconf 90' lang='lat' dir='ltr'><strong>ut</strong></span> <span class='ocrx_word' id='word_1_104' title='bbox 997 614 1141 646; x_wconf 84' lang='lat' dir='ltr'><strong>magnates</strong></span> <span class='ocrx_word' id='word_1_105' title='bbox 1166 614 1193 636; x_wconf 88' lang='lat' dir='ltr'><strong>et</strong></span> <span class='ocrx_word' id='word_1_106' title='bbox 1219 606 1426 643; x_wconf 84' lang='lat' dir='ltr'>magistratus,</span> <span class='ocrx_word' id='word_1_107' title='bbox 1458 606 1507 641; x_wconf 89' lang='lat' dir='ltr'><strong>qui</strong></span> <span class='ocrx_word' id='word_1_108' title='bbox 1527 605 1579 634; x_wconf 89' lang='lat' dir='ltr'><strong>do·</strong></span> 
     </span>
     <span class='ocr_line' id='line_1_10' title="bbox 57 657 1579 699; baseline -0.002 -11"><span class='ocrx_word' id='word_1_109' title='bbox 57 659 179 688; x_wconf 84' lang='lat' dir='ltr'><strong>minium</strong></span> <span class='ocrx_word' id='word_1_110' title='bbox 200 660 231 689; x_wconf 89' lang='lat' dir='ltr'><strong>in</strong></span> <span class='ocrx_word' id='word_1_111' title='bbox 255 667 355 690; x_wconf 86' lang='lat' dir='ltr'><strong>coetus</strong></span> <span class='ocrx_word' id='word_1_112' title='bbox 385 667 537 698; x_wconf 84' lang='lat' dir='ltr'><strong>exercent,</strong></span> <span class='ocrx_word' id='word_1_113' title='bbox 564 661 614 690; x_wconf 89' lang='lat' dir='ltr'><strong>sed</strong></span> <span class='ocrx_word' id='word_1_114' title='bbox 639 661 678 690; x_wconf 88' lang='lat' dir='ltr'><strong>ita</strong></span> <span class='ocrx_word' id='word_1_115' title='bbox 709 668 742 690; x_wconf 83' lang='lat' dir='ltr'><strong>ut</strong></span> <span class='ocrx_word' id='word_1_116' title='bbox 763 661 919 699; x_wconf 84' lang='lat' dir='ltr'>probitatis</span> <span class='ocrx_word' id='word_1_117' title='bbox 945 666 973 689; x_wconf 89' lang='lat' dir='ltr'><strong>et</strong></span> <span class='ocrx_word' id='word_1_118' title='bbox 998 660 1116 690; x_wconf 88' lang='lat' dir='ltr'><strong>virtutis</strong></span> <span class='ocrx_word' id='word_1_119' title='bbox 1152 658 1221 688; x_wconf 80' lang='lat' dir='ltr'><strong>suae</strong></span> <span class='ocrx_word' id='word_1_120' title='bbox 1254 657 1415 694; x_wconf 82' lang='lat' dir='ltr'><strong>exemplum</strong></span> <span class='ocrx_word' id='word_1_121' title='bbox 1442 657 1579 686; x_wconf 85' lang='lat' dir='ltr'><strong>omnibus</strong></span> 
     </span>
     <span class='ocr_line' id='line_1_11' title="bbox 53 710 456 752; baseline 0.008 -12"><span class='ocrx_word' id='word_1_122' title='bbox 53 716 83 740; x_wconf 86' lang='lat' dir='ltr'><strong>et</strong></span> <span class='ocrx_word' id='word_1_123' title='bbox 109 710 233 752; x_wconf 80' lang='lat' dir='ltr'><strong>singulis</strong></span> <span class='ocrx_word' id='word_1_124' title='bbox 258 713 456 750; x_wconf 54' lang='lat' dir='ltr'><strong>proponantss</strong></span> 
     </span>
    </p>
   </div>
   <div class='ocr_carea' id='block_1_3' title="bbox 463 785 1581 1031">
    <p class='ocr_par' dir='ltr' id='par_1_3' title="bbox 463 785 1581 1031">
     <span class='ocr_line' id='line_1_12' title="bbox 463 785 1579 827; baseline -0.004 -8"><span class='ocrx_word' id='word_1_125' title='bbox 463 788 502 819; x_wconf 80' lang='lat' dir='ltr'><strong>C·</strong></span> <span class='ocrx_word' id='word_1_126' title='bbox 523 797 553 827; x_wconf 81' lang='lat'><strong>4·</strong></span> <span class='ocrx_word' id='word_1_127' title='bbox 582 789 636 821; x_wconf 74' lang='grc' dir='ltr'><strong>Καὶ</strong></span> <span class='ocrx_word' id='word_1_128' title='bbox 663 791 855 827; x_wconf 75' lang='grc' dir='ltr'><strong><em>Φανερωθέντος</em></strong></span> <span class='ocrx_word' id='word_1_129' title='bbox 886 792 936 821; x_wconf 79' lang='grc' dir='ltr'><strong>τοῦ</strong></span> <span class='ocrx_word' id='word_1_130' title='bbox 964 789 1151 827; x_wconf 75' lang='grc' dir='ltr'><strong>α’ρχιποιμένος</strong></span> <span class='ocrx_word' id='word_1_131' title='bbox 1169 807 1181 824; x_wconf 86' lang='lat'><em>‚</em></span> <span class='ocrx_word' id='word_1_132' title='bbox 1212 788 1350 825; x_wconf 77' lang='grc' dir='ltr'><em>κομιεῖσθε</em></span> <span class='ocrx_word' id='word_1_133' title='bbox 1380 787 1425 818; x_wconf 68' lang='grc' dir='ltr'><strong>τὶν</strong></span> <span class='ocrx_word' id='word_1_134' title='bbox 1452 785 1579 822; x_wconf 68' lang='grc' dir='ltr'><strong>ἆμαροὶσ-</strong></span> 
     </span>
     <span class='ocr_line' id='line_1_13' title="bbox 624 842 1030 879; baseline -0.002 -8"><span class='ocrx_word' id='word_1_135' title='bbox 624 851 692 871; x_wconf 58' lang='lat' dir='ltr'><strong>Tmou</strong></span> <span class='ocrx_word' id='word_1_136' title='bbox 710 845 760 875; x_wconf 74' lang='grc' dir='ltr'><strong>τῆς</strong></span> <span class='ocrx_word' id='word_1_137' title='bbox 785 843 859 877; x_wconf 71' lang='grc' dir='ltr'><em>δόξης</em></span> <span class='ocrx_word' id='word_1_138' title='bbox 883 842 1030 879; x_wconf 82' lang='grc' dir='ltr'><strong><em>στέφανον.</em></strong></span> 
     </span>
     <span class='ocr_line' id='line_1_14' title="bbox 582 889 1581 932; baseline -0.001 -13"><span class='ocrx_word' id='word_1_139' title='bbox 582 889 634 919; x_wconf 81' lang='lat' dir='ltr'><strong>Ita</strong></span> <span class='ocrx_word' id='word_1_140' title='bbox 649 911 660 927; x_wconf 84' lang='grc'><strong>,</strong></span> <span class='ocrx_word' id='word_1_141' title='bbox 689 901 752 921; x_wconf 83' lang='lat' dir='ltr'><strong>cum</strong></span> <span class='ocrx_word' id='word_1_142' title='bbox 785 893 1014 931; x_wconf 74' lang='lat' dir='ltr'><strong>conspiciendum</strong></span> <span class='ocrx_word' id='word_1_143' title='bbox 1047 900 1077 921; x_wconf 81' lang='lat' dir='ltr'><strong>se</strong></span> <span class='ocrx_word' id='word_1_144' title='bbox 1101 892 1277 930; x_wconf 73' lang='lat' dir='ltr'><strong>praebuerit</strong></span> <span class='ocrx_word' id='word_1_145' title='bbox 1305 896 1458 932; x_wconf 68' lang='lat' dir='ltr'><strong>pastorem</strong></span> <span class='ocrx_word' id='word_1_146' title='bbox 1489 889 1581 918; x_wconf 79' lang='lat' dir='ltr'><strong>Prin-</strong></span> 
     </span>
     <span class='ocr_line' id='line_1_15' title="bbox 622 941 1578 982; baseline -0.002 -11"><span class='ocrx_word' id='word_1_147' title='bbox 622 949 703 980; x_wconf 81' lang='lat' dir='ltr'><strong>ceps,</strong></span> <span class='ocrx_word' id='word_1_148' title='bbox 734 943 925 981; x_wconf 80' lang='lat' dir='ltr'><strong>reportabitis</strong></span> <span class='ocrx_word' id='word_1_149' title='bbox 950 944 1176 973; x_wconf 78' lang='lat' dir='ltr'><strong>amarantinam</strong></span> <span class='ocrx_word' id='word_1_150' title='bbox 1202 943 1312 982; x_wconf 74' lang='lat' dir='ltr'><strong>(haud</strong></span> <span class='ocrx_word' id='word_1_151' title='bbox 1333 941 1578 977; x_wconf 72' lang='lat' dir='ltr'><strong>marcescentem)</strong></span> 
     </span>
     <span class='ocr_line' id='line_1_16' title="bbox 623 993 909 1031; baseline 0.01 -10"><span class='ocrx_word' id='word_1_152' title='bbox 623 993 740 1031; x_wconf 79' lang='lat' dir='ltr'><strong>gloriae</strong></span> <span class='ocrx_word' id='word_1_153' title='bbox 761 1003 909 1025; x_wconf 83' lang='lat' dir='ltr'><strong>coronam.</strong></span> 
     </span>
    </p>
   </div>
   <div class='ocr_carea' id='block_1_4' title="bbox 49 1063 1584 2073">
    <p class='ocr_par' dir='ltr' id='par_1_4' title="bbox 49 1063 1582 1209">
     <span class='ocr_line' id='line_1_17' title="bbox 101 1063 1582 1108; baseline 0.002 -14"><span class='ocrx_word' id='word_1_154' title='bbox 101 1063 203 1094; x_wconf 80' lang='lat' dir='ltr'><strong>Nexus</strong></span> <span class='ocrx_word' id='word_1_155' title='bbox 230 1065 318 1105; x_wconf 82' lang='lat' dir='ltr'><strong>hujus</strong></span> <span class='ocrx_word' id='word_1_156' title='bbox 346 1075 374 1097; x_wconf 91' lang='lat' dir='ltr'><strong>c.</strong></span> <span class='ocrx_word' id='word_1_157' title='bbox 402 1075 468 1097; x_wconf 88' lang='lat' dir='ltr'><strong>cum</strong></span> <span class='ocrx_word' id='word_1_158' title='bbox 504 1069 740 1099; x_wconf 82' lang='lat' dir='ltr'><strong>antecedentibus</strong></span> <span class='ocrx_word' id='word_1_159' title='bbox 777 1071 921 1101; x_wconf 87' lang='lat' dir='ltr'><strong>indicatur</strong></span> <span class='ocrx_word' id='word_1_160' title='bbox 953 1072 1060 1108; x_wconf 87' lang='lat' dir='ltr'><strong>copula</strong></span> <span class='ocrx_word' id='word_1_161' title='bbox 1087 1072 1158 1107; x_wconf 71' lang='grc' dir='ltr'><strong>καὶ,</strong></span> <span class='ocrx_word' id='word_1_162' title='bbox 1185 1080 1259 1107; x_wconf 87' lang='lat' dir='ltr'><strong>quae</strong></span> <span class='ocrx_word' id='word_1_163' title='bbox 1293 1072 1340 1100; x_wconf 89' lang='lat' dir='ltr'><strong>hic</strong></span> <span class='ocrx_word' id='word_1_164' title='bbox 1375 1071 1410 1100; x_wconf 88' lang='lat' dir='ltr'><strong>ad</strong></span> <span class='ocrx_word' id='word_1_165' title='bbox 1442 1070 1582 1099; x_wconf 82' lang='lat' dir='ltr'><strong>imitatio-</strong></span> 
     </span>
     <span class='ocr_line' id='line_1_18' title="bbox 49 1118 1579 1160; baseline 0.003 -14"><span class='ocrx_word' id='word_1_166' title='bbox 49 1124 129 1148; x_wconf 74' lang='lat' dir='ltr'><strong>¹nem.</strong></span> <span class='ocrx_word' id='word_1_167' title='bbox 153 1118 242 1149; x_wconf 87' lang='lat' dir='ltr'><strong>Hebr.</strong></span> <span class='ocrx_word' id='word_1_168' title='bbox 263 1121 278 1152; x_wconf 75' lang='grc'>1</span> <span class='ocrx_word' id='word_1_169' title='bbox 303 1119 376 1148; x_wconf 91' lang='lat' dir='ltr'><strong>idem</strong></span> <span class='ocrx_word' id='word_1_170' title='bbox 407 1121 526 1149; x_wconf 85' lang='lat' dir='ltr'><strong>denotat</strong></span> <span class='ocrx_word' id='word_1_171' title='bbox 556 1129 589 1149; x_wconf 88' lang='lat' dir='ltr'><strong>ac</strong></span> <span class='ocrx_word' id='word_1_172' title='bbox 620 1122 707 1157; x_wconf 75' lang='grc' dir='ltr'><strong>τότε,</strong></span> <span class='ocrx_word' id='word_1_173' title='bbox 734 1121 824 1150; x_wconf 84' lang='lat' dir='ltr'>simili</span> <span class='ocrx_word' id='word_1_174' title='bbox 857 1123 944 1151; x_wconf 87' lang='lat' dir='ltr'><strong>modo</strong></span> <span class='ocrx_word' id='word_1_175' title='bbox 981 1129 1070 1159; x_wconf 83' lang='lat' dir='ltr'><strong>atque</strong></span> <span class='ocrx_word' id='word_1_176' title='bbox 1102 1122 1275 1153; x_wconf 83' lang='lat' dir='ltr'><strong>Matt.V1:</strong></span> <span class='ocrx_word' id='word_1_177' title='bbox 1302 1131 1349 1160; x_wconf 80' lang='lat'><strong>33.</strong></span> <span class='ocrx_word' id='word_1_178' title='bbox 1386 1122 1454 1150; x_wconf 87' lang='lat' dir='ltr'><strong>Act</strong></span> <span class='ocrx_word' id='word_1_179' title='bbox 1471 1123 1506 1150; x_wconf 89' lang='grc' dir='ltr'><strong>Ι.</strong></span> <span class='ocrx_word' id='word_1_180' title='bbox 1530 1118 1579 1157; x_wconf 81' lang='lat'><strong>38·</strong></span> 
     </span>
     <span class='ocr_line' id='line_1_19' title="bbox 62 1169 1015 1209; baseline 0.005 -11"><span class='ocrx_word' id='word_1_181' title='bbox 62 1176 80 1198; x_wconf 89' lang='lat'><em>2</em></span> <span class='ocrx_word' id='word_1_182' title='bbox 98 1170 170 1198; x_wconf 84' lang='lat' dir='ltr'><strong>Cor.</strong></span> <span class='ocrx_word' id='word_1_183' title='bbox 187 1169 279 1200; x_wconf 83' lang='lat' dir='ltr'><strong>xm:</strong></span> <span class='ocrx_word' id='word_1_184' title='bbox 302 1179 357 1206; x_wconf 87' lang='lat'><strong>11,</strong></span> <span class='ocrx_word' id='word_1_185' title='bbox 379 1171 404 1199; x_wconf 78' lang='lat' dir='ltr'><strong>si</strong></span> <span class='ocrx_word' id='word_1_186' title='bbox 428 1172 478 1200; x_wconf 82' lang='lat' dir='ltr'><strong>hoc</strong></span> <span class='ocrx_word' id='word_1_187' title='bbox 500 1172 624 1207; x_wconf 71' lang='lat' dir='ltr'><strong>facietis</strong></span> <span class='ocrx_word' id='word_1_188' title='bbox 648 1178 729 1209; x_wconf 85' lang='lat' dir='ltr'><strong>tum,</strong></span> <span class='ocrx_word' id='word_1_189' title='bbox 749 1173 795 1202; x_wconf 86' lang='lat' dir='ltr'><strong>vel</strong></span> <span class='ocrx_word' id='word_1_190' title='bbox 815 1174 860 1202; x_wconf 84' lang='lat' dir='ltr'><strong>ita</strong></span> <span class='ocrx_word' id='word_1_191' title='bbox 878 1172 950 1209; x_wconf 78' lang='lat' dir='ltr'><strong>fiet,</strong></span> <span class='ocrx_word' id='word_1_192' title='bbox 971 1180 1015 1204; x_wconf 83' lang='lat' dir='ltr'><strong>ut.</strong></span> 
     </span>
    </p>

    <p class='ocr_par' dir='ltr' id='par_1_5' title="bbox 51 1220 1584 2031">
     <span class='ocr_line' id='line_1_20' title="bbox 51 1220 1582 1264; baseline 0.001 -15"><span class='ocrx_word' id='word_1_193' title='bbox 51 1260 55 1264; x_wconf 16' lang='grc' dir='ltr'>ἡ</span> <span class='ocrx_word' id='word_1_194' title='bbox 102 1220 298 1256; x_wconf 72' lang='grc' dir='ltr'><strong><em>Φανερωθέντος</em></strong></span> <span class='ocrx_word' id='word_1_195' title='bbox 322 1223 369 1251; x_wconf 75' lang='grc' dir='ltr'><strong>τοῦ</strong></span> <span class='ocrx_word' id='word_1_196' title='bbox 393 1222 594 1258; x_wconf 69' lang='grc' dir='ltr'><strong><em>ἅρχιποιμένος.</em></strong></span> <span class='ocrx_word' id='word_1_197' title='bbox 638 1224 728 1255; x_wconf 87' lang='lat' dir='ltr'><strong>Valde</strong></span> <span class='ocrx_word' id='word_1_198' title='bbox 750 1224 871 1253; x_wconf 87' lang='lat' dir='ltr'><strong>dubium</strong></span> <span class='ocrx_word' id='word_1_199' title='bbox 899 1230 964 1260; x_wconf 87' lang='lat' dir='ltr'><strong>est,</strong></span> <span class='ocrx_word' id='word_1_200' title='bbox 985 1232 1055 1252; x_wconf 90' lang='lat' dir='ltr'><strong>num</strong></span> <span class='ocrx_word' id='word_1_201' title='bbox 1081 1224 1200 1253; x_wconf 86' lang='lat' dir='ltr'><strong>verbum</strong></span> <span class='ocrx_word' id='word_1_202' title='bbox 1227 1225 1359 1261; x_wconf 81' lang='grc' dir='ltr'><strong><em>Φανεροῦν</em></strong></span> <span class='ocrx_word' id='word_1_203' title='bbox 1387 1223 1464 1260; x_wconf 79' lang='lat' dir='ltr'><strong>apud</strong></span> <span class='ocrx_word' id='word_1_204' title='bbox 1488 1222 1582 1260; x_wconf 85' lang='lat' dir='ltr'><strong>scrip-</strong></span> 
     </span>
     <span class='ocr_line' id='line_1_21' title="bbox 65 1270 1581 1312; baseline 0.002 -13"><span class='ocrx_word' id='word_1_205' title='bbox 65 1276 143 1300; x_wconf 77' lang='lat' dir='ltr'><strong>tores</strong></span> <span class='ocrx_word' id='word_1_206' title='bbox 171 1271 242 1299; x_wconf 87' lang='lat' dir='ltr'><strong>bene</strong></span> <span class='ocrx_word' id='word_1_207' title='bbox 263 1270 396 1301; x_wconf 87' lang='lat' dir='ltr'><strong>Graecos</strong></span> <span class='ocrx_word' id='word_1_208' title='bbox 423 1281 576 1310; x_wconf 83' lang='lat' dir='ltr'><strong>occurrat,</strong></span> <span class='ocrx_word' id='word_1_209' title='bbox 598 1281 625 1303; x_wconf 88' lang='lat' dir='ltr'><strong>et</strong></span> <span class='ocrx_word' id='word_1_210' title='bbox 651 1276 687 1305; x_wconf 89' lang='lat' dir='ltr'><strong>ab</strong></span> <span class='ocrx_word' id='word_1_211' title='bbox 712 1275 920 1312; x_wconf 87' lang='lat' dir='ltr'><strong>interpretibus</strong></span> <span class='ocrx_word' id='word_1_212' title='bbox 944 1276 1145 1306; x_wconf 83' lang='lat' dir='ltr'><strong>Alexandrinis</strong></span> <span class='ocrx_word' id='word_1_213' title='bbox 1175 1277 1262 1304; x_wconf 87' lang='lat' dir='ltr'><strong>semel</strong></span> <span class='ocrx_word' id='word_1_214' title='bbox 1291 1282 1403 1305; x_wconf 87' lang='lat' dir='ltr'><strong>tantum</strong></span> <span class='ocrx_word' id='word_1_215' title='bbox 1432 1274 1581 1303; x_wconf 85' lang='lat' dir='ltr'><strong>adhibetur</strong></span> 
     </span>
     <span class='ocr_line' id='line_1_22' title="bbox 57 1309 1583 1363; baseline 0.003 -12"><span class='ocrx_word' id='word_1_216' title='bbox 57 1322 118 1361; x_wconf 80' lang='lat' dir='ltr'><strong>Jer.</strong></span> <span class='ocrx_word' id='word_1_217' title='bbox 145 1322 295 1352; x_wconf 65' lang='lat' dir='ltr'>xxxma</span> <span class='ocrx_word' id='word_1_218' title='bbox 321 1325 360 1359; x_wconf 85' lang='lat'><strong>6,</strong></span> <span class='ocrx_word' id='word_1_219' title='bbox 389 1332 448 1360; x_wconf 89' lang='lat' dir='ltr'><strong>quo</strong></span> <span class='ocrx_word' id='word_1_220' title='bbox 476 1326 543 1354; x_wconf 88' lang='lat' dir='ltr'><strong>loco</strong></span> <span class='ocrx_word' id='word_1_221' title='bbox 572 1328 727 1361; x_wconf 83' lang='lat' dir='ltr'><strong>respondet</strong></span> <span class='ocrx_word' id='word_1_222' title='bbox 762 1328 850 1356; x_wconf 86' lang='lat' dir='ltr'><strong>Hebr.</strong></span> <span class='ocrx_word' id='word_1_223' title='bbox 876 1309 972 1363; x_wconf 58' lang='grc' dir='ltr'><strong>ΓΙῙΞΜ.</strong></span> <span class='ocrx_word' id='word_1_224' title='bbox 1019 1326 1140 1363; x_wconf 85' lang='lat' dir='ltr'><strong>Saepius</strong></span> <span class='ocrx_word' id='word_1_225' title='bbox 1173 1335 1241 1355; x_wconf 86' lang='lat' dir='ltr'><strong>vero</strong></span> <span class='ocrx_word' id='word_1_226' title='bbox 1275 1327 1379 1363; x_wconf 87' lang='lat' dir='ltr'><strong>legitur</strong></span> <span class='ocrx_word' id='word_1_227' title='bbox 1412 1326 1442 1355; x_wconf 91' lang='lat' dir='ltr'><strong>in</strong></span> <span class='ocrx_word' id='word_1_228' title='bbox 1476 1327 1517 1357; x_wconf 91' lang='lat' dir='ltr'><strong>N.</strong></span> <span class='ocrx_word' id='word_1_229' title='bbox 1548 1323 1583 1356; x_wconf 85' lang='lat' dir='ltr'><strong>F.</strong></span> 
     </span>
     <span class='ocr_line' id='line_1_23' title="bbox 65 1373 1583 1417; baseline 0.002 -13"><span class='ocrx_word' id='word_1_230' title='bbox 65 1373 208 1410; x_wconf 75' lang='lat' dir='ltr'><strong>scriptis,</strong></span> <span class='ocrx_word' id='word_1_231' title='bbox 237 1373 378 1410; x_wconf 84' lang='lat' dir='ltr'><strong>imprimis</strong></span> <span class='ocrx_word' id='word_1_232' title='bbox 398 1375 513 1411; x_wconf 84' lang='lat' dir='ltr'><strong>passiva</strong></span> <span class='ocrx_word' id='word_1_233' title='bbox 536 1376 598 1414; x_wconf 87' lang='lat' dir='ltr'><strong>ejus</strong></span> <span class='ocrx_word' id='word_1_234' title='bbox 625 1375 719 1405; x_wconf 85' lang='lat' dir='ltr'><strong>forma</strong></span> <span class='ocrx_word' id='word_1_235' title='bbox 747 1383 775 1406; x_wconf 87' lang='lat' dir='ltr'><strong>et</strong></span> <span class='ocrx_word' id='word_1_236' title='bbox 800 1385 958 1415; x_wconf 87' lang='lat' dir='ltr'><strong>usurpatur</strong></span> <span class='ocrx_word' id='word_1_237' title='bbox 989 1378 1036 1408; x_wconf 90' lang='lat' dir='ltr'><strong>vel</strong></span> <span class='ocrx_word' id='word_1_238' title='bbox 1060 1379 1093 1407; x_wconf 93' lang='lat' dir='ltr'><strong>de</strong></span> <span class='ocrx_word' id='word_1_239' title='bbox 1122 1379 1207 1407; x_wconf 78' lang='lat' dir='ltr'><strong>rebus</strong></span> <span class='ocrx_word' id='word_1_240' title='bbox 1228 1379 1389 1417; x_wconf 76' lang='lat' dir='ltr'><strong>patefactis</strong></span> <span class='ocrx_word' id='word_1_241' title='bbox 1414 1384 1444 1407; x_wconf 74' lang='lat' dir='ltr'><strong>et</strong></span> <span class='ocrx_word' id='word_1_242' title='bbox 1468 1380 1583 1407; x_wconf 80' lang='lat' dir='ltr'><strong>ostensis</strong></span> 
     </span>
     <span class='ocr_line' id='line_1_24' title="bbox 56 1425 1582 1467; baseline 0.005 -15"><span class='ocrx_word' id='word_1_243' title='bbox 56 1426 108 1455; x_wconf 64' lang='lat' dir='ltr'><strong>,vel</strong></span> <span class='ocrx_word' id='word_1_244' title='bbox 132 1425 166 1454; x_wconf 85' lang='lat' dir='ltr'><strong>de</strong></span> <span class='ocrx_word' id='word_1_245' title='bbox 189 1427 318 1464; x_wconf 78' lang='lat' dir='ltr'><strong>personis</strong></span> <span class='ocrx_word' id='word_1_246' title='bbox 344 1427 376 1454; x_wconf 85' lang='lat' dir='ltr'><strong>in</strong></span> <span class='ocrx_word' id='word_1_247' title='bbox 408 1432 585 1465; x_wconf 85' lang='lat' dir='ltr'><strong>conspectum</strong></span> <span class='ocrx_word' id='word_1_248' title='bbox 604 1428 778 1466; x_wconf 85' lang='lat' dir='ltr'><strong>productis,</strong></span> <span class='ocrx_word' id='word_1_249' title='bbox 805 1430 852 1457; x_wconf 80' lang='lat' dir='ltr'><strong>ita</strong></span> <span class='ocrx_word' id='word_1_250' title='bbox 878 1435 912 1459; x_wconf 83' lang='lat' dir='ltr'><strong>ut</strong></span> <span class='ocrx_word' id='word_1_251' title='bbox 944 1435 1033 1458; x_wconf 78' lang='lat' dir='ltr'><strong>antea</strong></span> <span class='ocrx_word' id='word_1_252' title='bbox 1056 1431 1152 1458; x_wconf 83' lang='lat' dir='ltr'><strong>minus</strong></span> <span class='ocrx_word' id='word_1_253' title='bbox 1174 1431 1307 1467; x_wconf 73' lang='lat' dir='ltr'><strong>cognitae</strong></span> <span class='ocrx_word' id='word_1_254' title='bbox 1328 1430 1378 1459; x_wconf 76' lang='lat' dir='ltr'><strong>vel</strong></span> <span class='ocrx_word' id='word_1_255' title='bbox 1395 1435 1518 1465; x_wconf 84' lang='lat' dir='ltr'><strong>prorsus</strong></span> <span class='ocrx_word' id='word_1_256' title='bbox 1536 1430 1582 1466; x_wconf 77' lang='lat' dir='ltr'><strong>ig·</strong></span> 
     </span>
     <span class='ocr_line' id='line_1_25' title="bbox 65 1477 1584 1518; baseline 0.002 -14"><span class='ocrx_word' id='word_1_257' title='bbox 65 1481 150 1504; x_wconf 75' lang='lat' dir='ltr'><strong>notae</strong></span> <span class='ocrx_word' id='word_1_258' title='bbox 174 1477 236 1510; x_wconf 80' lang='lat' dir='ltr'><strong>jam</strong></span> <span class='ocrx_word' id='word_1_259' title='bbox 261 1478 441 1505; x_wconf 80' lang='lat' dir='ltr'><strong>innotescant</strong></span> <span class='ocrx_word' id='word_1_260' title='bbox 467 1485 496 1506; x_wconf 74' lang='lat' dir='ltr'><strong>ec</strong></span> <span class='ocrx_word' id='word_1_261' title='bbox 515 1479 641 1516; x_wconf 80' lang='lat' dir='ltr'><strong>conspici</strong></span> <span class='ocrx_word' id='word_1_262' title='bbox 664 1481 786 1517; x_wconf 74' lang='lat' dir='ltr'><strong>possint.</strong></span> <span class='ocrx_word' id='word_1_263' title='bbox 827 1481 992 1510; x_wconf 84' lang='lat' dir='ltr'><strong>Adhibetur</strong></span> <span class='ocrx_word' id='word_1_264' title='bbox 1016 1481 1132 1518; x_wconf 78' lang='lat' dir='ltr'><strong>saepius</strong></span> <span class='ocrx_word' id='word_1_265' title='bbox 1161 1481 1196 1509; x_wconf 89' lang='lat' dir='ltr'><strong>de</strong></span> <span class='ocrx_word' id='word_1_266' title='bbox 1221 1481 1291 1518; x_wconf 84' lang='lat' dir='ltr'><strong>Jesu</strong></span> <span class='ocrx_word' id='word_1_267' title='bbox 1310 1480 1448 1515; x_wconf 76' lang='lat' dir='ltr'><strong>Christo,</strong></span> <span class='ocrx_word' id='word_1_268' title='bbox 1471 1480 1505 1508; x_wconf 85' lang='lat' dir='ltr'><strong>de</strong></span> <span class='ocrx_word' id='word_1_269' title='bbox 1530 1488 1584 1508; x_wconf 88' lang='lat' dir='ltr'><strong>cu-</strong></span> 
     </span>
     <span class='ocr_line' id='line_1_26' title="bbox 61 1525 1580 1570; baseline 0.003 -17"><span class='ocrx_word' id='word_1_270' title='bbox 61 1525 111 1562; x_wconf 87' lang='lat' dir='ltr'><strong>jus</strong></span> <span class='ocrx_word' id='word_1_271' title='bbox 136 1527 260 1555; x_wconf 83' lang='lat' dir='ltr'><strong>adventu</strong></span> <span class='ocrx_word' id='word_1_272' title='bbox 280 1527 310 1555; x_wconf 87' lang='lat' dir='ltr'><strong>in</strong></span> <span class='ocrx_word' id='word_1_273' title='bbox 335 1527 471 1556; x_wconf 81' lang='lat' dir='ltr'><strong>mundum</strong></span> <span class='ocrx_word' id='word_1_274' title='bbox 489 1528 595 1557; x_wconf 90' lang='lat' dir='ltr'><strong>dicitur</strong></span> <span class='ocrx_word' id='word_1_275' title='bbox 612 1531 762 1568; x_wconf 63' lang='grc' dir='ltr'><strong><em>ἐφανερώθη</em></strong></span> <span class='ocrx_word' id='word_1_276' title='bbox 794 1540 805 1560; x_wconf 94' lang='lat'>1</span> <span class='ocrx_word' id='word_1_277' title='bbox 819 1531 905 1568; x_wconf 87' lang='lat' dir='ltr'><strong>Joan.</strong></span> <span class='ocrx_word' id='word_1_278' title='bbox 924 1531 986 1561; x_wconf 87' lang='lat'>111:</span> <span class='ocrx_word' id='word_1_279' title='bbox 1010 1540 1050 1570; x_wconf 84' lang='lat'><strong>5,</strong></span> <span class='ocrx_word' id='word_1_280' title='bbox 1073 1532 1087 1561; x_wconf 93' lang='lat'>8</span> <span class='ocrx_word' id='word_1_281' title='bbox 1102 1551 1113 1567; x_wconf 83' lang='lat'><strong>,</strong></span> <span class='ocrx_word' id='word_1_282' title='bbox 1133 1532 1284 1568; x_wconf 75' lang='grc' dir='ltr'><em>ἐφανερώθη</em></span> <span class='ocrx_word' id='word_1_283' title='bbox 1309 1532 1337 1561; x_wconf 79' lang='grc' dir='ltr'><strong>ἐν</strong></span> <span class='ocrx_word' id='word_1_284' title='bbox 1365 1531 1442 1566; x_wconf 79' lang='grc' dir='ltr'><strong><em>σαρκὶ</em></strong></span> <span class='ocrx_word' id='word_1_285' title='bbox 1474 1540 1487 1560; x_wconf 93' lang='lat'>1</span> <span class='ocrx_word' id='word_1_286' title='bbox 1502 1530 1580 1561; x_wconf 88' lang='lat' dir='ltr'><strong>Tim.</strong></span> 
     </span>
     <span class='ocr_line' id='line_1_27' title="bbox 63 1575 1577 1620; baseline 0.005 -16"><span class='ocrx_word' id='word_1_287' title='bbox 63 1575 128 1604; x_wconf 84' lang='lat'>111:</span> <span class='ocrx_word' id='word_1_288' title='bbox 155 1577 197 1604; x_wconf 76' lang='lat'><strong>16.</strong></span> <span class='ocrx_word' id='word_1_289' title='bbox 237 1576 307 1606; x_wconf 91' lang='lat' dir='ltr'><strong>Post</strong></span> <span class='ocrx_word' id='word_1_290' title='bbox 333 1578 567 1607; x_wconf 78' lang='lat' dir='ltr'><strong>resurrectionem</strong></span> <span class='ocrx_word' id='word_1_291' title='bbox 587 1580 695 1608; x_wconf 66' lang='lat' dir='ltr'><strong>dicitur</strong></span> <span class='ocrx_word' id='word_1_292' title='bbox 719 1582 802 1610; x_wconf 81' lang='lat' dir='ltr'><strong>exiam</strong></span> <span class='ocrx_word' id='word_1_293' title='bbox 826 1584 1012 1620; x_wconf 70' lang='grc' dir='ltr'><strong><em>φανερωθῆναι</em></strong></span> <span class='ocrx_word' id='word_1_294' title='bbox 1034 1588 1089 1616; x_wconf 74' lang='grc' dir='ltr'><strong>τοῖς</strong></span> <span class='ocrx_word' id='word_1_295' title='bbox 1106 1584 1242 1620; x_wconf 75' lang='grc' dir='ltr'><strong>μαθηταῖς</strong></span> <span class='ocrx_word' id='word_1_296' title='bbox 1267 1583 1364 1613; x_wconf 81' lang='grc' dir='ltr'><strong><em>αὑτοῦ.</em></strong></span> <span class='ocrx_word' id='word_1_297' title='bbox 1383 1583 1468 1620; x_wconf 88' lang='lat' dir='ltr'><strong>Joan.</strong></span> <span class='ocrx_word' id='word_1_298' title='bbox 1492 1583 1577 1612; x_wconf 85' lang='lat' dir='ltr'>XXI:</span> 
     </span>
     <span class='ocr_line' id='line_1_28' title="bbox 65 1627 1580 1672; baseline 0.003 -14"><span class='ocrx_word' id='word_1_299' title='bbox 65 1636 120 1665; x_wconf 81' lang='lat'><strong>14,</strong></span> <span class='ocrx_word' id='word_1_300' title='bbox 149 1627 240 1657; x_wconf 81' lang='lat' dir='ltr'><strong>Marc.</strong></span> <span class='ocrx_word' id='word_1_301' title='bbox 265 1629 356 1658; x_wconf 88' lang='lat' dir='ltr'><strong>XVI:</strong></span> <span class='ocrx_word' id='word_1_302' title='bbox 384 1637 437 1664; x_wconf 64' lang='grc' dir='ltr'><strong>ιε,</strong></span> <span class='ocrx_word' id='word_1_303' title='bbox 469 1638 513 1666; x_wconf 75' lang='lat'><strong>14.</strong></span> <span class='ocrx_word' id='word_1_304' title='bbox 554 1631 666 1660; x_wconf 84' lang='lat' dir='ltr'><strong>Nostro</strong></span> <span class='ocrx_word' id='word_1_305' title='bbox 694 1634 760 1662; x_wconf 84' lang='lat' dir='ltr'><strong>loco</strong></span> <span class='ocrx_word' id='word_1_306' title='bbox 786 1641 943 1670; x_wconf 86' lang='lat' dir='ltr'><strong>usurpatur</strong></span> <span class='ocrx_word' id='word_1_307' title='bbox 967 1635 1002 1663; x_wconf 86' lang='lat' dir='ltr'><strong>de</strong></span> <span class='ocrx_word' id='word_1_308' title='bbox 1024 1634 1139 1663; x_wconf 86' lang='lat' dir='ltr'><strong>solenni</strong></span> <span class='ocrx_word' id='word_1_309' title='bbox 1168 1634 1231 1672; x_wconf 83' lang='lat' dir='ltr'><strong>ejus</strong></span> <span class='ocrx_word' id='word_1_310' title='bbox 1262 1634 1354 1662; x_wconf 83' lang='lat' dir='ltr'><strong>reditu</strong></span> <span class='ocrx_word' id='word_1_311' title='bbox 1380 1635 1414 1663; x_wconf 87' lang='lat' dir='ltr'><strong>ad</strong></span> <span class='ocrx_word' id='word_1_312' title='bbox 1437 1634 1580 1671; x_wconf 81' lang='lat' dir='ltr'><strong>judicium</strong></span> 
     </span>
     <span class='ocr_line' id='line_1_29' title="bbox 60 1679 1579 1723; baseline 0.004 -15"><span class='ocrx_word' id='word_1_313' title='bbox 60 1686 250 1715; x_wconf 76' lang='lat' dir='ltr'><strong>supremum,</strong></span> <span class='ocrx_word' id='word_1_314' title='bbox 280 1679 360 1714; x_wconf 88' lang='lat' dir='ltr'><strong>quod</strong></span> <span class='ocrx_word' id='word_1_315' title='bbox 383 1679 415 1708; x_wconf 87' lang='lat' dir='ltr'><strong>fit</strong></span> <span class='ocrx_word' id='word_1_316' title='bbox 444 1680 526 1708; x_wconf 85' lang='lat' dir='ltr'><strong>etiam</strong></span> <span class='ocrx_word' id='word_1_317' title='bbox 554 1681 625 1710; x_wconf 89' lang='lat' dir='ltr'><strong>Col.</strong></span> <span class='ocrx_word' id='word_1_318' title='bbox 653 1682 710 1712; x_wconf 80' lang='lat'>111:</span> <span class='ocrx_word' id='word_1_319' title='bbox 730 1694 769 1722; x_wconf 84' lang='lat'><strong>4,</strong></span> <span class='ocrx_word' id='word_1_320' title='bbox 801 1685 908 1723; x_wconf 71' lang='lat' dir='ltr'><strong>JJoan.</strong></span> <span class='ocrx_word' id='word_1_321' title='bbox 936 1685 980 1714; x_wconf 82' lang='lat'><strong>11:</strong></span> <span class='ocrx_word' id='word_1_322' title='bbox 1001 1687 1054 1721; x_wconf 81' lang='lat'><strong>28,</strong></span> <span class='ocrx_word' id='word_1_323' title='bbox 1082 1685 1147 1714; x_wconf 86' lang='lat'>111:</span> <span class='ocrx_word' id='word_1_324' title='bbox 1171 1693 1201 1716; x_wconf 87' lang='lat'><strong>2.</strong></span> <span class='ocrx_word' id='word_1_325' title='bbox 1241 1685 1316 1714; x_wconf 84' lang='lat' dir='ltr'><strong>Aliis</strong></span> <span class='ocrx_word' id='word_1_326' title='bbox 1344 1685 1417 1713; x_wconf 88' lang='lat' dir='ltr'><strong>locis</strong></span> <span class='ocrx_word' id='word_1_327' title='bbox 1454 1686 1489 1713; x_wconf 88' lang='lat' dir='ltr'><strong>de</strong></span> <span class='ocrx_word' id='word_1_328' title='bbox 1523 1685 1579 1714; x_wconf 87' lang='lat' dir='ltr'><strong>hoe</strong></span> 
     </span>
     <span class='ocr_line' id='line_1_30' title="bbox 60 1729 1580 1771; baseline 0.005 -13"><span class='ocrx_word' id='word_1_329' title='bbox 60 1730 130 1768; x_wconf 75' lang='lat' dir='ltr'><strong>Jesu</strong></span> <span class='ocrx_word' id='word_1_330' title='bbox 157 1729 248 1758; x_wconf 86' lang='lat' dir='ltr'><strong>reditu</strong></span> <span class='ocrx_word' id='word_1_331' title='bbox 284 1729 454 1759; x_wconf 77' lang='lat' dir='ltr'><strong>adhibentur</strong></span> <span class='ocrx_word' id='word_1_332' title='bbox 477 1730 616 1760; x_wconf 82' lang='lat' dir='ltr'><strong>formulae</strong></span> <span class='ocrx_word' id='word_1_333' title='bbox 642 1735 657 1768; x_wconf 80' lang='grc' dir='ltr'><strong><em>ἡ</em></strong></span> <span class='ocrx_word' id='word_1_334' title='bbox 679 1735 822 1770; x_wconf 61' lang='grc' dir='ltr'><strong><em>μέλλουσα</em></strong></span> <span class='ocrx_word' id='word_1_335' title='bbox 853 1738 1100 1767; x_wconf 64' lang='grc' dir='ltr'><strong>ἀποκαλύπτεσθαι</strong></span> <span class='ocrx_word' id='word_1_336' title='bbox 1132 1737 1220 1771; x_wconf 73' lang='grc' dir='ltr'><strong>δόξα,</strong></span> <span class='ocrx_word' id='word_1_337' title='bbox 1251 1734 1343 1764; x_wconf 84' lang='lat' dir='ltr'><strong>nostri</strong></span> <span class='ocrx_word' id='word_1_338' title='bbox 1375 1735 1432 1765; x_wconf 89' lang='lat' dir='ltr'><strong>loci</strong></span> <span class='ocrx_word' id='word_1_339' title='bbox 1458 1744 1485 1765; x_wconf 86' lang='lat' dir='ltr'><strong>c.</strong></span> <span class='ocrx_word' id='word_1_340' title='bbox 1504 1744 1536 1771; x_wconf 83' lang='lat'><strong>1,</strong></span> <span class='ocrx_word' id='word_1_341' title='bbox 1565 1737 1580 1770; x_wconf 74' lang='grc' dir='ltr'><em>ἦ</em></span> 
     </span>
     <span class='ocr_line' id='line_1_31' title="bbox 59 1780 1580 1825; baseline 0.005 -15"><span class='ocrx_word' id='word_1_342' title='bbox 59 1782 203 1818; x_wconf 71' lang='grc' dir='ltr'>μέλλουσαι</span> <span class='ocrx_word' id='word_1_343' title='bbox 234 1780 300 1815; x_wconf 72' lang='grc' dir='ltr'><strong>δόξα</strong></span> <span class='ocrx_word' id='word_1_344' title='bbox 332 1783 562 1818; x_wconf 66' lang='grc' dir='ltr'><strong>ἀποκαλυφθῆναι</strong></span> <span class='ocrx_word' id='word_1_345' title='bbox 592 1783 681 1813; x_wconf 86' lang='lat' dir='ltr'><strong>Rom.</strong></span> <span class='ocrx_word' id='word_1_346' title='bbox 709 1785 801 1814; x_wconf 81' lang='lat' dir='ltr'><strong>VIII:</strong></span> <span class='ocrx_word' id='word_1_347' title='bbox 827 1788 882 1821; x_wconf 84' lang='lat'><strong>18,</strong></span> <span class='ocrx_word' id='word_1_348' title='bbox 911 1788 1059 1825; x_wconf 68' lang='lat' dir='ltr'><strong>s&#39;mtpaiusrx</strong></span> <span class='ocrx_word' id='word_1_349' title='bbox 1087 1790 1134 1818; x_wconf 83' lang='grc' dir='ltr'><strong>τοῦ</strong></span> <span class='ocrx_word' id='word_1_350' title='bbox 1167 1787 1256 1825; x_wconf 70' lang='grc' dir='ltr'><strong><em>κυρίου</em></strong></span> <span class='ocrx_word' id='word_1_351' title='bbox 1288 1797 1302 1818; x_wconf 93' lang='lat'>1</span> <span class='ocrx_word' id='word_1_352' title='bbox 1324 1787 1404 1817; x_wconf 87' lang='lat' dir='ltr'><strong>Tim.</strong></span> <span class='ocrx_word' id='word_1_353' title='bbox 1433 1787 1492 1817; x_wconf 81' lang='lat' dir='ltr'><strong>VI:</strong></span> <span class='ocrx_word' id='word_1_354' title='bbox 1525 1797 1580 1824; x_wconf 71' lang='lat'><strong>14,</strong></span> 
     </span>
     <span class='ocr_line' id='line_1_32' title="bbox 61 1830 1575 1877; baseline 0.005 -17"><span class='ocrx_word' id='word_1_355' title='bbox 61 1839 83 1863; x_wconf 68' lang='lat'><strong>2,</strong></span> <span class='ocrx_word' id='word_1_356' title='bbox 96 1831 173 1860; x_wconf 87' lang='lat' dir='ltr'><strong>Tim.</strong></span> <span class='ocrx_word' id='word_1_357' title='bbox 205 1830 263 1860; x_wconf 86' lang='lat' dir='ltr'><strong>1V:</strong></span> <span class='ocrx_word' id='word_1_358' title='bbox 290 1840 323 1866; x_wconf 91' lang='lat'><strong>1,</strong></span> <span class='ocrx_word' id='word_1_359' title='bbox 346 1832 382 1868; x_wconf 90' lang='lat'><strong>8,</strong></span> <span class='ocrx_word' id='word_1_360' title='bbox 411 1833 538 1868; x_wconf 84' lang='lat' dir='ltr'><strong>aliaeque</strong></span> <span class='ocrx_word' id='word_1_361' title='bbox 570 1834 671 1863; x_wconf 82' lang='lat' dir='ltr'><strong>citatae</strong></span> <span class='ocrx_word' id='word_1_362' title='bbox 696 1844 711 1864; x_wconf 90' lang='lat' dir='ltr'><strong>a</strong></span> <span class='ocrx_word' id='word_1_363' title='bbox 738 1836 803 1866; x_wconf 84' lang='lat' dir='ltr'><strong>Cel.</strong></span> <span class='ocrx_word' id='word_1_364' title='bbox 830 1838 867 1872; x_wconf 85' lang='lat' dir='ltr'><strong>J.</strong></span> <span class='ocrx_word' id='word_1_365' title='bbox 894 1846 952 1867; x_wconf 72' lang='lat' dir='ltr'><strong>van</strong></span> <span class='ocrx_word' id='word_1_366' title='bbox 979 1838 1082 1867; x_wconf 80' lang='lat' dir='ltr'><strong>Voorst</strong></span> <span class='ocrx_word' id='word_1_367' title='bbox 1116 1838 1146 1867; x_wconf 90' lang='lat' dir='ltr'><strong>in</strong></span> <span class='ocrx_word' id='word_1_368' title='bbox 1179 1839 1411 1868; x_wconf 73' lang='lat' dir='ltr'><strong>Annotatiomzm</strong></span> <span class='ocrx_word' id='word_1_369' title='bbox 1451 1840 1575 1877; x_wconf 73' lang='lat' dir='ltr'><strong>Specim.</strong></span> 
     </span>
     <span class='ocr_line' id='line_1_33' title="bbox 63 1883 1580 1928; baseline 0.009 -20"><span class='ocrx_word' id='word_1_370' title='bbox 63 1888 153 1919; x_wconf 78' lang='lat' dir='ltr'><strong>supra</strong></span> <span class='ocrx_word' id='word_1_371' title='bbox 184 1883 234 1910; x_wconf 78' lang='lat' dir='ltr'><strong>cit.</strong></span> <span class='ocrx_word' id='word_1_372' title='bbox 272 1889 337 1918; x_wconf 87' lang='lat' dir='ltr'><strong>pag.</strong></span> <span class='ocrx_word' id='word_1_373' title='bbox 363 1883 418 1918; x_wconf 83' lang='lat'><strong>26,</strong></span> <span class='ocrx_word' id='word_1_374' title='bbox 451 1892 509 1919; x_wconf 83' lang='lat' dir='ltr'><strong>quo</strong></span> <span class='ocrx_word' id='word_1_375' title='bbox 538 1884 652 1919; x_wconf 87' lang='lat' dir='ltr'><strong>quidem</strong></span> <span class='ocrx_word' id='word_1_376' title='bbox 682 1886 711 1914; x_wconf 92' lang='lat' dir='ltr'><strong>in</strong></span> <span class='ocrx_word' id='word_1_377' title='bbox 742 1888 900 1923; x_wconf 80' lang='lat' dir='ltr'><strong>specimine</strong></span> <span class='ocrx_word' id='word_1_378' title='bbox 934 1889 985 1917; x_wconf 86' lang='lat' dir='ltr'><strong>hae</strong></span> <span class='ocrx_word' id='word_1_379' title='bbox 1015 1890 1149 1918; x_wconf 88' lang='lat' dir='ltr'><strong>notiones</strong></span> <span class='ocrx_word' id='word_1_380' title='bbox 1177 1890 1256 1919; x_wconf 86' lang='lat' dir='ltr'><strong>verbi</strong></span> <span class='ocrx_word' id='word_1_381' title='bbox 1289 1894 1421 1928; x_wconf 73' lang='grc' dir='ltr'><strong>φανεροῦν</strong></span> <span class='ocrx_word' id='word_1_382' title='bbox 1446 1897 1473 1919; x_wconf 91' lang='lat' dir='ltr'><strong>et</strong></span> <span class='ocrx_word' id='word_1_383' title='bbox 1494 1895 1580 1927; x_wconf 81' lang='grc' dir='ltr'><strong><em>Φανε-</em></strong></span> 
     </span>
     <span class='ocr_line' id='line_1_34' title="bbox 65 1933 1578 1977; baseline 0.005 -15"><span class='ocrx_word' id='word_1_384' title='bbox 65 1934 169 1968; x_wconf 73' lang='grc' dir='ltr'><strong><em>ροῦσθαι</em></strong></span> <span class='ocrx_word' id='word_1_385' title='bbox 203 1933 266 1961; x_wconf 83' lang='lat' dir='ltr'><strong>data</strong></span> <span class='ocrx_word' id='word_1_386' title='bbox 297 1941 381 1968; x_wconf 79' lang='lat' dir='ltr'><strong>opera</strong></span> <span class='ocrx_word' id='word_1_387' title='bbox 411 1933 556 1971; x_wconf 80' lang='lat' dir='ltr'><strong>indagatae</strong></span> <span class='ocrx_word' id='word_1_388' title='bbox 583 1942 610 1963; x_wconf 88' lang='lat' dir='ltr'><strong>et</strong></span> <span class='ocrx_word' id='word_1_389' title='bbox 642 1937 799 1966; x_wconf 80' lang='lat' dir='ltr'><strong>vindicatae</strong></span> <span class='ocrx_word' id='word_1_390' title='bbox 824 1946 910 1974; x_wconf 72' lang='lat' dir='ltr'><strong>sunt,</strong></span> <span class='ocrx_word' id='word_1_391' title='bbox 940 1948 1004 1976; x_wconf 82' lang='lat' dir='ltr'><strong>pag.</strong></span> <span class='ocrx_word' id='word_1_392' title='bbox 1027 1941 1170 1977; x_wconf 79' lang='lat'>17—26.</span> <span class='ocrx_word' id='word_1_393' title='bbox 1211 1941 1320 1969; x_wconf 82' lang='lat' dir='ltr'><strong>Noster</strong></span> <span class='ocrx_word' id='word_1_394' title='bbox 1354 1950 1472 1977; x_wconf 88' lang='lat' dir='ltr'><strong>quoque</strong></span> <span class='ocrx_word' id='word_1_395' title='bbox 1495 1943 1578 1970; x_wconf 88' lang='lat' dir='ltr'><strong>locus</strong></span> 
     </span>
     <span class='ocr_line' id='line_1_35' title="bbox 62 1982 1580 2031; baseline 0.008 -20"><span class='ocrx_word' id='word_1_396' title='bbox 62 1982 104 2012; x_wconf 89' lang='lat' dir='ltr'><strong>ibi</strong></span> <span class='ocrx_word' id='word_1_397' title='bbox 130 1989 293 2012; x_wconf 83' lang='lat' dir='ltr'><strong>recensetur</strong></span> <span class='ocrx_word' id='word_1_398' title='bbox 317 1992 382 2021; x_wconf 82' lang='lat' dir='ltr'><strong>pag.</strong></span> <span class='ocrx_word' id='word_1_399' title='bbox 401 1985 448 2014; x_wconf 81' lang='lat'><strong>26.</strong></span> <span class='ocrx_word' id='word_1_400' title='bbox 489 1985 668 2023; x_wconf 78' lang='grc' dir='ltr'><strong><em>Ἀρχιποίμην</em></strong></span> <span class='ocrx_word' id='word_1_401' title='bbox 687 1996 796 2018; x_wconf 89' lang='lat' dir='ltr'><strong>novum</strong></span> <span class='ocrx_word' id='word_1_402' title='bbox 828 1997 871 2018; x_wconf 84' lang='lat' dir='ltr'><strong>est</strong></span> <span class='ocrx_word' id='word_1_403' title='bbox 894 1991 1087 2027; x_wconf 85' lang='lat' dir='ltr'><strong>vocabulum,</strong></span> <span class='ocrx_word' id='word_1_404' title='bbox 1109 1992 1209 2029; x_wconf 89' lang='lat' dir='ltr'><strong>quod,</strong></span> <span class='ocrx_word' id='word_1_405' title='bbox 1232 1993 1432 2023; x_wconf 83' lang='lat' dir='ltr'><strong>consentiente</strong></span> <span class='ocrx_word' id='word_1_406' title='bbox 1457 1995 1580 2031; x_wconf 74' lang='lat' dir='ltr'><strong>Erymo·</strong></span> 
     </span>
    </p>

    <p class='ocr_par' dir='ltr' id='par_1_6' title="bbox 853 2038 1579 2073">
     <span class='ocr_line' id='line_1_36' title="bbox 853 2038 1579 2073; baseline 0.006 -4"><span class='ocrx_word' id='word_1_407' title='bbox 853 2038 881 2069; x_wconf 93' lang='lat' dir='ltr'>C</span> <span class='ocrx_word' id='word_1_408' title='bbox 903 2048 920 2070; x_wconf 86' lang='lat'>2</span> <span class='ocrx_word' id='word_1_409' title='bbox 1536 2046 1579 2073; x_wconf 83' lang='lat' dir='ltr'><strong>lo·</strong></span> 
     </span>
    </p>
   </div>
  </div>
 </body>
</html>
