1946 2517
308 126 628 161 COMMENTAUO
647 137 691 161 nn
712 128 1014 169 QUAESTIONEM
1033 128 1375 166 PHILOSOPHICAM.
1552 141 1592 176 73

62 212 136 252 ⁵qui
159 212 288 244 eaeteris'
302 211 472 243 hominibus
489 218 619 243 uteretur
646 218 682 241 ut
704 212 808 242 mediis
830 214 866 242 ad
890 221 970 243 suam
992 214 1145 244 utilitatem
1167 220 1218 244 aut
1236 214 1423 252 felicitatem;
1444 217 1524 248 nulla
1547 222 1590 248 ra·-

82 266 166 296 tione
188 265 284 294 habita
308 263 457 294 felicitatis
481 270 667 293 caeterorum.
717 263 851 292 Attamen
877 270 909 292 ut
935 265 1046 302 Regula
1065 259 1202 303 generalis
1228 272 1256 295 et
1279 266 1473 303 universalis,
1504 269 1592 298 nullis

63 316 318 348 *restrictionibus
339 315 488 353 subiecta,
510 323 692 352 nequaquam
714 314 802 351 recipi
820 321 935 351 potest=
959 325 1022 346 nam
1038 318 1198 347 secundum
1217 325 1276 347 eam
1301 326 1361 347 non
1380 318 1476 347 liceret
1498 318 1592 348 famu-

54 360 144 398 ”Qum
165 368 349 404 conducere,
368 370 494 396 tutorem
516 367 616 396 liberis
641 367 725 401 dare,
747 364 886 395 medicum
912 367 1072 397 advocare:
1094 368 1136 398 ibi
1154 368 1228 398 enim
1249 376 1310 399 non
1334 375 1391 398 tam
1416 376 1591 400 caeterorum

79 419 250 455 hominum,
272 427 358 455 quam
384 419 472 448 unius
494 419 606 455 privata
631 418 740 446 utilitas
763 423 910 453 spectatur
935 419 976 455 (z
990 420 1016 455 ).

115 472 163 501 Ad
189 471 422 508 conjunctionem
452 471 525 499 inter
549 472 587 498 V.
618 475 645 497 et
667 466 702 497 F.
724 467 845 497 omnino
869 458 994 505 periinet
1021 469 1076 498 hoc
1103 470 1297 507 principium:
1330 471 1399 500 Non
1414 471 1592 508 felicitatem

74 521 262 562 spectandam
286 529 362 556 esse,
395 520 446 549 sed
469 529 496 549 se
513 520 664 557 felicitate
688 519 807 558 dignum
833 518 1008 548 reddendum
1034 530 1104 549 esre.
1142 521 1232 550 Prima
1258 520 1354 551 fronte
1376 524 1494 552 omnino
1511 533 1593 553 cotn-

79 572 274 602 mendandum
296 571 430 601 videtur:
453 572 504 600 sed
519 572 642 601 Kantius
667 571 697 600 in
720 573 776 600 hoc
802 570 887 599 effato
905 571 961 599 sibi
984 572 1049 608 ipse
1066 573 1166 602 iterum
1190 574 1288 602 minus
1308 581 1442 604 constare
1465 575 1589 605 videtur.

78 624 196 654 Etenim
222 623 248 652 si
271 623 359 652 vitam
387 631 423 652 eo
449 623 535 651 modo
561 623 709 652 instituere
739 623 847 658 debeo,
877 622 1073 661 utfeh'citatc
1099 625 1205 661 dignus
1230 625 1317 661 fiam,
1345 634 1461 655 necesse
1491 634 1534 656 est
1560 635 1592 656 ut

55 675 249 704 »felicitatem
276 674 349 703 mihi
374 683 535 712 proponam
557 682 590 704 ut
611 675 798 711 propositum
823 682 850 703 et
876 675 981 704 finem:
1004 675 1090 712 idque
1113 684 1146 705 ex
1171 677 1311 706 diametro
1331 677 1475 707 Kantiano
1501 685 1595 716 syste-

55 748 61 761 ς
78 726 150 755 mati
167 726 337 762 oppositum
363 732 407 754 est
428 727 504 763 (2).
542 726 720 762 Felicitatis,
739 734 771 756 et
791 726 978 755 emolumenti
996 727 1105 756 nullam
1129 728 1268 758 rationem
1293 728 1448 758 habendam
1471 738 1533 759 esse
1549 731 1592 760 in-

77 777 309 807 numerabilibus
332 778 399 806 aliis
419 778 491 807 locis
517 778 607 815 jubet.

114 828 175 864 Est
192 829 280 858 etiam
300 829 389 866 hujus
414 829 473 858 ioci
498 837 618 864 notate,
640 829 776 858 Kantium
798 829 947 857 hominum
967 829 1002 859 de
1026 829 1162 860 felicitate
1181 830 1342 860 dissensum
1367 831 1454 860 nimIs
1473 840 1592 868 exagge-

77 887 168 911 rasse.
210 880 346 909 Ostendit
362 880 490 911 Gai-vius
509 881 574 918 (3)
593 889 651 910 non
670 882 706 909 ita
722 882 874 910 dissentire
891 881 1022 910 homines
1039 882 1073 909 de
1092 881 1239 910 felicitatis
1256 882 1409 918 principiis
1426 890 1510 918 quam
1526 884 1592 918 qui-

62 931 149 961 ueni
163 931 197 960 de
212 931 318 960 ‘horum
335 932 541 968 applicatione.
581 932 696 962 Etenim
722 932 748 960 si
766 932 897 961 homines
913 932 1075 961 accuratius
1093 933 1121 961 in
1138 941 1206 961 suas
1224 933 1379 962 sententias
1397 933 1590 969 inquirerent,

75 982 148 1011 haee
162 981 312 1012 diversitas
327 990 397 1012 mox
414 983 582 1017 tolleretur,
596 989 684 1018 atque
698 984 893 1019 perspicerent
910 991 961 1018 se,
984 984 1063 1019 quod
1080 984 1115 1012 ad
1132 984 1329 1020 principium,
1347 984 1404 1012 fere
1423 991 1522 1012 omnes
1539 992 1594 1013 nna

52 1032 202 1061 -mtirex
230 1038 334 1061 temere
359 1033 451 1069 igitur
474 1034 648 1069 principium
675 1033 822 1063 felicitatis
844 1033 962 1062 omnino
986 1034 1127 1063 vacillans
1157 1040 1185 1063 et
1209 1042 1389 1071 nequaquam
1413 1035 1592 1071 universale,

50 1083 230 1113 :Rationem
255 1091 324 1112 vero
347 1083 504 1114 Praeticam
534 1085 722 1113 universalem
742 1090 773 1115 et
800 1084 987 1113 certissimam
1011 1084 1040 1113 in
1068 1084 1165 1114 Kantii
1187 1084 1293 1113 Schola
1319 1092 1461 1121 receptam
1488 1094 1561 1115 esse.

116 1134 197 1164 Num
224 1142 313 1170 porro
340 1135 514 1171 oppositio,
535 1144 620 1172 quam
649 1135 772 1165 Kantius
801 1134 875 1164 inter
894 1135 1068 1165 Felicitatem
1098 1143 1125 1164 et
1154 1136 1297 1165 Virtutem
1325 1136 1499 1172 constituit,
1521 1144 1590 1166 num

72 1192 140 1216 vere
168 1184 342 1215 exsisteret?
373 1186 509 1217 Profecto
544 1194 587 1216 est
619 1188 661 1217 in*
680 1187 795 1216 homine
830 1193 938 1223 praeter
970 1186 1117 1216 felicitatis
1146 1187 1317 1216 desiderium
1345 1187 1428 1217 etiam
1464 1187 1591 1217 Virtutis

71 1237 237 1266 aestimatio
262 1238 399 1272 quaedam
428 1247 444 1267 a
471 1238 630 1269 Felicitatis
656 1238 802 1276 principio
829 1238 954 1268 diversa.
1004 1237 1060 1267 Est
1086 1239 1230 1275 quoddam
1257 1238 1449 1276 perfectionis
1475 1239 1591 1268 moralis

52 1286 271 1322 -miderium,
293 1294 320 1315 et
341 1289 537 1318 conscientiae
560 1299 617 1319 vox
638 1297 697 1318 non
722 1298 757 1319 ex
782 1297 834 1326 spe
858 1295 969 1318 tantum
996 1289 1090 1319 oritur
1112 1296 1141 1318 et
1167 1297 1267 1326 metu,
1298 1298 1396 1320 verum
1419 1297 1446 1319 et
1473 1299 1508 1320 ex
1528 1289 1594 1318 Vir·

49 1350 57 1356 ·
74 1336 149 1365 tntis
177 1336 390 1366 aestimatione.
439 1338 496 1367 Sed
520 1339 545 1367 si
572 1340 720 1369 moralitas
751 1347 781 1369 et
809 1340 934 1369 felicitas
952 1340 1030 1370 inter
1055 1348 1087 1369 se
1117 1340 1269 1369 distinctae
1297 1347 1387 1377 sunt,
1416 1348 1485 1370 num
1508 1341 1594 1369 altera

52 1387 189 1416 niteram
214 1388 364 1417 excludere
388 1389 495 1419 debet?
526 1390 557 1419 Si
581 1390 721 1428 obligatio
746 1391 865 1421 moralis
887 1400 948 1421 non
966 1391 1050 1420 unice
1071 1390 1210 1423 fundatur
1236 1392 1267 1421 in
1292 1391 1417 1421 Virtutis
1441 1392 1588 1428 utilitate,

52 1445 170 1469 monne
193 1445 288 1468 tamen
314 1439 414 1467 liceret
436 1441 519 1469 etiam
544 1441 703 1470 Felicitatis
722 1442 753 1471 in
773 1443 877 1471 Ethica
896 1443 1034 1471 rationem
1061 1442 1185 1471 habere?

112 1490 175 1529 Qui
199 1490 344 1519 Virtutem
369 1491 441 1521 colit
462 1500 544 1520 verae
564 1492 722 1521 Felicitatis
751 1495 838 1522 sensu
864 1493 996 1523 afficitur.
1044 1492 1152 1522 Nonne
1179 1493 1268 1531 igitur
1291 1493 1388 1523 liceret
1413 1495 1502 1532 hujus
1527 1502 1590 1523 sen-

51 1541 127 1575 rfdus
159 1542 298 1573 rationem
324 1542 449 1579 habere,
470 1551 559 1580 quum
579 1545 679 1575 Virtus
702 1544 901 1582 praecipitur?
928 1544 1034 1583 Quid,
1055 1545 1080 1574 si
1104 1544 1245 1575 Kantiant
1267 1545 1374 1575 Schola
1397 1545 1529 1582 agnoscit
1549 1545 1592 1574 fe-

51 1594 190 1624 -1lcitatis
219 1595 390 1624 desiderium
416 1596 560 1626 hominem
584 1606 733 1634 nunquam
760 1598 938 1634 relinquere,
967 1602 1037 1626 num
1063 1597 1157 1626 eadem
1183 1597 1306 1633 schola,
1327 1604 1399 1632 quae
1426 1604 1484 1626 tam
1510 1605 1589 1633 egre-

52 1644 116 1682 ·gic
141 1646 269 1675 ostendit
295 1648 496 1683 praestantiam
524 1648 673 1685 hominis,
703 1650 781 1678 hunc
806 1650 841 1678 ad
866 1655 973 1679 tautam
1000 1649 1244 1686 imperfectionem
1272 1654 1300 1677 et
1330 1648 1469 1677 miseriam
1497 1649 1591 1684 depri-

57 1698 150 1734 υἰέ,
177 1703 210 1728 ut
235 1703 346 1728 statuat
373 1700 541 1729 desiderium
570 1701 645 1730 illud
671 1709 730 1730 non
750 1702 834 1730 aliam
857 1701 896 1731 ob
922 1709 1036 1731 causam
1062 1701 1173 1730 homini
1200 1708 1312 1738 semper
1332 1701 1453 1735 adesse,
1478 1700 1535 1729 nisi
1559 1700 1590 1728 ut

1508 1759 1588 1780 suam

52 1863 62 1867 -
102 1825 120 1860 (
134 1825 173 1861 1)
192 1828 252 1855 Ecl.
457 1827 519 1863 (Δ)
537 1830 585 1859 Cs.
601 1831 662 1858 Ecl.
688 1838 714 1864 p.
731 1837 789 1857 110.
824 1831 908 1856 (Ἱππ
928 1837 954 1863 p.
969 1830 1028 1864 178.

67 1869 73 1874 ⁶
105 1873 167 1908 (3)
196 1876 224 1900 ln
247 1882 292 1909 op.
309 1876 326 1902 l.
350 1884 377 1909 p.
391 1876 436 1909 361
458 1885 515 1910 sqq.
542 1879 576 1904 ibi
608 1886 713 1911 quoquc
736 1878 911 1904 animadvertit
937 1877 1046 1911 principi
1070 1877 1227 1903 subditorum
1253 1875 1399 1902 'felicitatem
1428 1874 1589 1912 constituenti

52 1929 122 1955 ,non
140 1923 300 1949 metuendum
319 1930 374 1950 esse
392 1931 422 1949 ne
442 1924 536 1950 subditi
552 1932 657 1959 propter
674 1925 784 1951 diversas
802 1927 951 1957 sententias,
969 1925 994 1951 id
1016 1925 1086 1958 qnod
1104 1926 1221 1958 princeps
1241 1924 1272 1950 iis
1290 1924 1412 1957 praebet,
1432 1928 1531 1955 prorsus
1550 1921 1587 1946 se-

69 1965 328 1999 licitaticontrarium
345 1979 479 2005 censeant,
497 1980 552 1999 sive
574 1974 669 2006 ingrato
686 1974 771 2000 animo
787 1974 813 2000 in
827 1973 969 2008 principem
983 1970 1066 1998 affecti
1083 1972 1141 2004 sint.

900 2019 925 2048 1<
