1946 2517
377 191 1389 251 COMMENTATIO

221 509 951 564 QUAESTIONEM
1027 509 1556 553 PHYSICAM.

836 597 917 664 s·

543 835 1234 867 [NTRODUCTIQ

132 897 288 972 Optime
317 929 451 967 profecto
476 930 550 959 ordo
576 927 842 958 mathematicorum
870 933 898 955 et
925 927 1116 965 physicorum
1146 927 1311 964 prospicere
1333 926 1448 956 studuit
1471 925 1647 955 utilitatibus

135 986 273 1023 Juvenum
287 1004 297 1019 ,
320 983 456 1019 plysicae
475 988 503 1009 et
523 982 644 1010 mathesi
666 988 778 1017 operam
801 978 954 1014 dantium,
976 987 1063 1014 quum
1086 979 1137 1008 hac
1157 982 1325 1014 quaestione
1343 980 1377 1006 ati
1395 987 1538 1007 certamen
1557 979 1651 1006 litera-

140 1036 215 1063 rium
239 1035 424 1071 proponenda
442 1042 491 1062 eos
510 1034 668 1067 incitabat,
691 1040 722 1061 ut
742 1031 896 1059 barometri
922 1031 1053 1058 notitiam
1074 1031 1293 1066 contraherent,
1314 1038 1407 1065 eoque
1431 1030 1470 1058 uti
1494 1030 1646 1057 discerent.

136 1085 191 1115 Est
210 1086 304 1119 enim,
334 1092 405 1112 teste
427 1086 487 1112 viro
506 1086 595 1113 celeb.
620 1084 714 1112 Bion'o
735 1085 818 1118 (1),
849 1082 903 1109 hoe
927 1082 1044 1110 alterurn
1064 1091 1080 1110 e
1104 1083 1219 1112 duobus
1246 1083 1470 1116 instrumentis,
1492 1089 1565 1117 quae
1588 1088 1650 1107 om-

138 1138 219 1166 nium
241 1144 295 1164 tam
315 1136 489 1170 multorum,
511 1142 628 1164 naturae
646 1133 818 1169 indagandae
836 1133 977 1160 studiosis
997 1134 1212 1161 inservientium
1226 1154 1235 1167 ,
1258 1134 1413 1168 plurimum
1436 1132 1471 1161 iis
1494 1130 1651 1167 adjumenti

138 1189 286 1225 praebent.
320 1187 359 1215 Ut
377 1188 449 1214 enim
469 1188 504 1215 de
521 1187 641 1221 reliquis
660 1186 722 1222 ejus
743 1184 844 1212 usibus
863 1184 957 1212 sileam
971 1205 982 1220 ‚
1002 1185 1056 1213 hoc
1074 1192 1183 1214 tantum
1204 1185 1280 1214 dico.
1324 1185 1367 1213 lili
1389 1186 1569 1220 praecipuam
1587 1191 1651 1219 par-

140 1247 197 1270 tem
220 1240 356 1268 debemus
374 1240 508 1268 scientiae
529 1248 644 1268 nostrae
660 1241 692 1266 de
716 1238 777 1265 aere
801 1237 872 1272 illo,
895 1245 954 1272 quo
977 1237 1082 1272 globus
1107 1243 1203 1264 noster
1223 1237 1349 1271 undique
1368 1237 1517 1272 cingitur,
1539 1235 1649 1270 quique

138 1298 244 1320 tantam
271 1292 299 1320 in
327 1292 456 1319 homines
481 1291 565 1318 habet
589 1290 757 1323 tfficaciam,
781 1296 811 1316 ut
834 1289 896 1317 sine
911 1296 945 1316 eo
962 1296 997 1316 ne
1025 1288 1118 1316 vivere
1135 1289 1248 1322 quidem
1274 1288 1443 1323 possimus:
1468 1286 1539 1314 illud
1564 1285 1649 1313 nobis

138 1345 254 1380 praebet
281 1343 418 1370 rationem
443 1340 606 1369 facillimam
630 1340 834 1368 determinandi
860 1339 991 1367 locorum
1017 1340 1204 1374 altitudines,
1226 1346 1297 1373 quas
1322 1339 1434 1366 demum
1463 1338 1488 1365 si
1510 1345 1565 1365 una
1583 1344 1648 1365 cum

137 1393 370 1431 longitudinibus
393 1400 421 1421 et
447 1393 671 1427 latitudinibus,
698 1392 830 1428 cognitas
857 1390 1016 1426 habemus,
1043 1399 1140 1420 verum
1165 1392 1295 1419 locorum
1327 1390 1355 1418 in
1378 1390 1448 1420 orbe
1468 1389 1595 1417 terrestri
1613 1388 1652 1417 si-

138 1452 197 1474 tum
223 1446 347 1474 indicare
367 1453 538 1480 possumus·

179 1497 262 1533 Quae
282 1496 370 1532 huius
394 1495 574 1530 quaestionis
600 1500 678 1522 tanta
703 1494 827 1530 gravitas
850 1501 916 1522 cum
937 1501 980 1521 me
996 1492 1175 1528 impelleret,
1197 1498 1228 1519 ut
1253 1498 1375 1518 mearum
1403 1490 1505 1518 virium
1519 1510 1530 1525 ,
1551 1497 1651 1525 quam-

143 1547 188 1575 vis
209 1546 446 1574 debilissimarum
462 1566 472 1580 ‚
493 1546 522 1573 in
540 1545 564 1573 ei
585 1545 786 1581 respondendo
805 1544 965 1580 periculum
985 1543 1123 1579 facerem3
1146 1542 1321 1578 cogitantem
1342 1550 1406 1576 me,
1428 1541 1547 1577 optimis
1565 1541 1650 1569 modo

142 1599 175 1627 de
200 1597 256 1626 hoc
280 1603 448 1632 argumento
473 1596 592 1632 scriptis
627 1596 752 1631 legendis
777 1604 811 1624 ne
837 1596 935 1631 plures
960 1595 1072 1631 quidem
1101 1603 1190 1623 annos
1220 1593 1361 1628 sufficere,
1390 1593 1426 1622 lis
1453 1600 1521 1621 vero
1547 1592 1652 1628 dijudi-

138 1649 238 1678 candis
262 1656 323 1676 tum
349 1649 441 1676 multo
464 1656 538 1683 usu,
561 1654 620 1675 tum
651 1647 766 1683 ingenio
794 1647 963 1675 acutissimo
983 1655 1010 1674 et
1036 1645 1190 1682 sagacitate
1213 1644 1348 1681 peculiari
1369 1652 1444 1680 opus
1472 1652 1558 1680 esse3
1581 1643 1649 1671 haec

138 1700 227 1736 igitur
254 1700 428 1736 cogitantem
455 1699 677 1727 absterruissent
705 1706 796 1726 tantae
819 1698 1023 1732 difficultates,
1051 1705 1077 1726 et
1106 1706 1224 1734 prorsus
1252 1696 1443 1733 dejecissent,
1475 1704 1490 1723 a
1521 1695 1648 1724 consilio

141 1758 198 1780 tam
226 1751 346 1786 audaci,
376 1751 431 1779 nisi
458 1750 589 1779 confisus
619 1758 729 1784 essem,
759 1752 840 1785 Vos,
872 1749 935 1777 Viri
965 1749 1148 1784 Clarissimi,
1180 1756 1302 1784 quorum
1326 1747 1438 1784 judicio
1466 1747 1537 1775 hanc
1564 1753 1650 1774 meam

143 1812 255 1839 operam
281 1803 428 1840 subjicio,
450 1803 538 1838 probe
563 1803 656 1836 scire,
678 1802 748 1836 quid
769 1810 783 1829 a
806 1801 888 1836 viro,
910 1801 1008 1828 multis
1037 1801 1093 1836 jam
1116 1800 1221 1836 ingenii
1247 1799 1294 1828 sui
1318 1797 1523 1834 speciminibus
1545 1797 1655 1825 doctis-

144 1855 220 1882 simo
244 1856 349 1890 cuique
371 1854 515 1891 probato,
536 1853 761 1890 exspectandum
788 1855 848 1889 sit,
870 1853 940 1888 quid
963 1855 1117 1890 ajuvene‚
1140 1851 1258 1880 vixdum
1284 1851 1370 1880 limen
1390 1849 1488 1886 templi
1507 1847 1655 1876 Minervae

139 1906 303 1936 attintrente.

1556 1937 1654 1975 Quum

152 2029 156 2036 ,
179 2010 226 2036 (1)
251 2012 266 2032 B
277 2019 282 2031 i
293 2016 329 2031 or
340 2025 348 2036 ,
370 2010 449 2029 'Izala-²
465 2010 558 2035 asnaa!
571 2010 595 2030 de
608 2011 715 2038 phyn'que
731 2010 904 2038 expeti-mmuh
920 2015 942 2031 tt
957 2009 1145 2034 maehlmnu'qne,
1167 2007 1192 2029 T.
1211 2006 1227 2029 l.
1250 2014 1272 2034 p.
1291 2007 1339 2029 r!-

140 2045 148 2056 k
288 2054 291 2055 γ

931 2053 993 2081 Aa
