1946 2517
104 891 219 960 Quae
251 921 389 965 supplici
425 933 503 954 voce
530 929 562 954 et
592 929 758 954 commoto
785 923 895 954 animo
918 933 939 954 a
960 924 1101 954 Numine
1123 934 1273 967 supremo
1300 931 1444 967 precatus
1483 935 1574 964 sum,

103 987 143 1008 eo
165 977 217 1009 die
242 990 309 1021 quo
335 979 559 1021 gravissimum
581 979 679 1010 hocce
701 979 975 1022 Jurisprudentiae
1003 980 1164 1012 docendae
1184 982 1304 1011 munus
1335 981 1414 1012 mihi
1432 980 1572 1011 delatum

101 1039 170 1071 est,
204 1041 241 1066 ut
274 1046 309 1072 ea
344 1046 394 1067 res
420 1047 523 1078 neque
550 1035 648 1073 mihi,
676 1046 782 1078 neque
813 1034 889 1066 huie
915 1036 1120 1076 Academiae,
1151 1048 1255 1080 neque
1285 1036 1381 1068 bouis
1417 1038 1450 1067 in
1475 1039 1575 1080 patria

110 1090 225 1122 studiis
259 1091 426 1122 infeliciter
460 1091 628 1130 accideret,
658 1091 784 1122 easdem
816 1091 972 1123 hodierno
1007 1093 1058 1124 die
1087 1105 1195 1136 preces
1227 1105 1302 1126 cum
1337 1095 1451 1136 majori
1477 1095 1572 1124 etiam

101 1147 202 1178 animi
220 1148 438 1178 commotione
461 1158 596 1190 usurpo,

145 1202 249 1234 Video
274 1203 360 1234 enim
395 1214 446 1234 me
474 1205 507 1235 in
531 1203 763 1246 amplissimum
791 1203 881 1235 hune
904 1204 944 1235 ad
962 1204 1136 1237 dicendum
1159 1206 1266 1238 locum
1288 1206 1485 1246 adductum,
1509 1217 1573 1237 un—

102 1258 164 1297 de,
199 1270 266 1303 quo
287 1263 385 1303 magis
411 1271 464 1291 me
486 1260 581 1291 trahit
600 1261 770 1292 honestum
797 1261 902 1293 laudis
927 1262 1094 1303 studium,
1125 1274 1164 1294 eo
1192 1262 1307 1293 fortius
1330 1262 1479 1304 rejiciunt
1504 1269 1578 1293 tum:

100 1316 222 1349 virium
243 1317 404 1347 tenuitatis
428 1317 641 1354 conscientia,
665 1324 735 1348 tum
755 1318 865 1361 magni
889 1320 995 1350 oneris
1014 1320 1194 1351 sustinendi
1218 1320 1379 1362 cogitatio.
1426 1320 1496 1351 Hoc
1518 1331 1574 1350 au-

101 1379 166 1405 tem
187 1372 276 1412 loco,
300 1380 394 1415 atque
429 1373 486 1404 hac
512 1375 579 1416 ipsa
605 1373 703 1412 hora,
727 1374 886 1417 frequenti
914 1375 1056 1406 adstante
1084 1383 1115 1406 et
1137 1388 1188 1407 me
1215 1387 1316 1407 unum
1342 1377 1487 1407 intuente
1512 1376 1574 1408 leo-

102 1430 299 1461 tissimorum
330 1428 513 1461 auditorum
543 1441 682 1470 corona,
713 1431 815 1473 patum
847 1431 914 1473 ipse
936 1432 975 1462 de
1004 1443 1055 1464 me
1083 1434 1301 1463 testimouium
1328 1433 1403 1464 dare
1433 1433 1575 1472 debebo,

100 1501 152 1521 me
180 1489 361 1521 honorifico
391 1501 428 1520 ac
460 1489 551 1532 plane
582 1491 736 1533 singulari
763 1491 887 1534 judicio
905 1513 914 1528 ‚
956 1489 1044 1532 quod
1075 1492 1141 1520 Rex
1173 1489 1494 1520 benevolentissimus
1535 1489 1580 1520 de-

99 1557 152 1578 me
168 1545 345 1588 studiisque
364 1546 442 1576 meis
467 1546 553 1583 tulit,
576 1547 747 1590 iudignum
764 1560 830 1579 uon
860 1548 973 1579 videri:
1027 1549 1107 1579 Nam
1135 1554 1188 1578 aut
1206 1558 1266 1589 ego
1291 1546 1406 1582 fallor,
1431 1554 1484 1577 aut
1503 1547 1574 1577 Ma·

99 1603 207 1646 jorum
236 1609 421 1633 nostrorum
455 1603 486 1634 id
520 1603 580 1635 fuit
612 1604 803 1644 consilium,
835 1616 935 1648 eaque
960 1608 1040 1635 ratio
1064 1605 1096 1635 iu
1121 1604 1262 1646 cujusvis
1292 1603 1455 1634 doctrinae
1498 1604 1573 1633 Pro-

100 1660 217 1692 stssore
240 1659 482 1702 inaugurando,
506 1668 541 1690 ut
561 1660 612 1692 hic
639 1661 764 1692 solenni
785 1673 876 1692 more
901 1672 936 1692 ac
960 1659 1087 1703 publice
1113 1660 1208 1691 verba
1237 1659 1371 1697 faciens,
1396 1658 1572 1702 significet,

104 1717 232 1760 qualem
262 1716 416 1758 intelhgat
446 1718 610 1748 scientiam
637 1728 734 1759 quam
766 1717 975 1760 profit'eatur3
1007 1726 1087 1758 quae
1105 1719 1145 1747 sit
1170 1727 1241 1747 vera
1264 1717 1334 1758 ejus
1359 1715 1398 1746 de
1425 1715 1482 1745 sua
1509 1714 1574 1745 dis·

103 1773 237 1817 cipliua,
269 1779 337 1803 tutu
375 1775 523 1804 universe
559 1780 722 1816 spectata,
755 1780 822 1805 tum
858 1775 892 1806 in
922 1781 1025 1817 partes
1057 1773 1181 1805 tributa·
1207 1775 1383 1811 sementia,
1412 1780 1443 1804 et
1477 1783 1574 1815 quam

101 1830 303 1874 potissimum
333 1829 367 1859 in
402 1829 539 1860 dot-endi
577 1840 710 1861 munere
740 1833 896 1862 rationem
931 1831 1136 1861 instituturus
1163 1832 1232 1870 sit,
1267 1841 1333 1873 quo
1367 1830 1452 1861 docti
1486 1828 1574 1860 audi-

102 1893 204 1924 tores,
245 1885 405 1928 iidemque
444 1887 536 1928 aequi
575 1885 689 1917 harum
721 1898 828 1918 rerum
864 1887 973 1919 arbitri
1007 1888 1072 1930 jam
1116 1898 1203 1919 nunc
1238 1887 1386 1929 augurari
1434 1886 1577 1928 possint‚.

103 1942 182 1985 quid
205 1943 380 1983 juventuti,
413 1942 490 1985 quid
509 1942 718 1982 Academiae,
751 1944 830 1987 quid
857 1945 974 1986 patriae
1007 1943 1146 1985 denique
1189 1949 1243 1974 aut
1286 1942 1478 1985 sperandum
1519 1948 1575 1973 aut

104 1998 313 2030 metuendum
341 1999 382 2030 sit
412 1998 452 2030 de
490 2010 576 2032 novo
610 1999 707 2032 hocce
732 2003 788 2044 qui
826 2001 997 2032 Musarum
1030 2001 1163 2030 samaria
1193 1998 1393 2042 iubredituffi
1427 1997 1581 2028 antistitem

574 2046 583 2055 .
873 2057 901 2088 Λ
927 2065 949 2096 3
1520 2054 1576 2084 [ΧΨ
