1946 2517
692 193 1077 228 ORATIO.
1595 209 1631 241 ¹7

145 287 338 325 obruamus,
360 296 456 329 quam
495 286 655 317 rationum
693 286 865 317 momentis
889 288 1128 322 convincamus,
1177 288 1271 331 Quae
1299 289 1398 331 igitur
1422 289 1535 321 leviter
1559 303 1629 322 mo·

149 344 192 376 do
214 343 476 375 adumbravimus
505 342 628 382 officia,
654 343 835 385 cujusmodi
857 344 889 374 in
909 354 1076 386 germanae
1101 345 1376 389 Jnrisprudentiae
1405 346 1556 377 studiosis
1580 359 1627 378 re-

146 401 345 445 quiruntur,
371 400 446 431 haec
471 399 637 431 clariorem
665 400 729 440 jam
757 400 791 430 in
817 400 920 431 lucem
951 390 1171 442 adducamus,
1195 413 1261 445 quo
1289 403 1403 435 melius
1431 414 1528 435 omne
1556 415 1629 435 nos-

150 463 236 488 trum
266 455 437 488 consilium
469 456 646 499 perspicere
675 466 712 486 ac
737 455 878 496 judicare
902 459 1041 498 possitis».

192 512 360 556 Oportebit
375 513 527 552 juvenem
548 511 661 550 illum,
685 523 781 555 quem
802 512 838 542 ad
862 512 979 543 laudati
999 515 1083 544 Jnris
1099 516 1243 548 studium
1265 518 1479 557 instituimus,
1503 526 1625 551 mature

149 579 300 613 quaerere
331 569 369 600 ad
394 568 610 612 subigendum
638 571 806 611 ingenium
834 568 998 600 doctrinae
1026 571 1210 612 adjumenta
1239 580 1403 616 propterea
1436 576 1542 618 quod,
1573 577 1629 608 ubi

151 625 229 657 haec
255 625 378 663 desint,
415 636 527 656 omnes
554 626 594 657 ad
619 637 725 656 veram
749 625 834 656 Juris
859 627 1078 667 cognitionem
1102 629 1205 660 aditus
1230 630 1418 662 interclusos
1436 632 1496 663 sibi
1519 633 1630 676 depre-

154 678 281 716 hendet.
323 684 450 723 Videte,
474 696 572 727 quam
593 684 751 728 praeclara
773 686 813 715 sit
831 685 929 727 hujus
947 684 1133 727 disciplinae
1149 686 1312 724 conditio,
1338 699 1418 730 quae
1437 700 1503 719 non
1524 690 1629 731 profa-

151 748 232 771 num
250 740 386 783 vulgus,
412 741 638 784 indoctamque
657 741 780 785 plebem
798 741 964 779 admittat,
988 741 1041 771 sed
1061 742 1098 771 iis
1117 748 1242 773 tantum
1255 745 1304 773 sui
1321 745 1445 786 copiam
1461 745 1628 787 praebeat,

151 797 271 840 quihus
290 798 323 829 in
345 799 454 829 animo
473 800 514 830 sit
529 799 611 830 bene
627 800 798 830 instructos
817 798 952 828 arduum
971 799 1030 827 iter
1047 797 1156 839 sequi,
1184 809 1288 841 neque
1303 801 1427 830 viarum
1445 800 1630 833 lassitudine

161 860 217 884 aut
242 853 388 885 laborum
409 866 506 886 onere
530 854 700 894 deterreri,
725 866 792 897 quo
811 857 920 886 minus
937 854 976 885 ad
995 861 1179 897 exoptatum
1199 855 1296 887 finem
1316 856 1518 899 perveniant!

197 911 377 951 Quaeritis,
401 911 574 943 Auditores
596 910 842 943 Humanissirnil
866 922 948 954 quae
967 912 1007 941 sit
1029 910 1082 941 illa
1108 911 1155 941 via
1176 918 1207 942 et
1228 923 1309 954 quae
1330 912 1382 943 illa
1400 914 1468 952 vis,
1491 925 1630 957 quarum

152 973 218 998 tam
253 969 426 999 necessaria
448 969 488 999 sit
519 969 738 1011 comparatio?
782 971 836 1000 Est
860 970 918 999 iter
945 969 1164 1011 antiquitati33
1198 976 1244 1000 est
1267 971 1461 1013 populorum
1489 973 1628 1014 Legum-

151 1035 216 1066 que
241 1023 391 1064 historia3
424 1032 471 1056 est
498 1027 690 1058 Litterarum
721 1027 913 1058 Graecarum
943 1036 979 1056 ac
1003 1026 1188 1057 Latinarum
1218 1025 1386 1066 doctrina3
1416 1034 1463 1059 est
1490 1027 1629 1072 denique

151 1079 375 1124 Philosophiae
406 1082 561 1115 studium.

200 1140 291 1177 Quos
312 1138 418 1170 bonus
444 1147 648 1183 praeceptor,
678 1142 838 1172 Socratico
863 1150 973 1177 more,
1007 1140 1042 1170 in
1067 1137 1185 1170 scholis
1210 1138 1293 1170 bene
1313 1138 1468 1171 ordinatis
1485 1139 1628 1173 elicuerit

155 1192 288 1226 latentes
309 1196 343 1225 iu
359 1206 461 1238 puero
474 1196 653 1238 igniculos,
678 1196 773 1227 iidem
792 1197 826 1227 hi
846 1196 979 1238 igniculi
1004 1195 1206 1226 admirabiles
1223 1196 1258 1226 in
1275 1197 1392 1238 juvene
1412 1197 1583 1228 incendent
1599 1205 1630 1229 et

153 1249 239 1283 alent
264 1249 472 1282 humanitatis
490 1261 631 1290 amores,
655 1263 752 1295 quos,
774 1259 808 1283 ut
831 1251 928 1283 semel
954 1258 1065 1294 captus
1088 1254 1167 1291 erit,
1201 1262 1269 1283 non
1297 1252 1433 1295 amplius
1453 1252 1553 1294 fugiet
1576 1254 1631 1285 sed

156 1306 279 1338 itineris
311 1306 372 1338 sibi
401 1307 499 1339 duces
531 1308 682 1350 adjunget
713 1315 744 1339 et
779 1312 911 1340 comites
938 1308 1161 1341 fidelissimos:
1195 1311 1270 1349 Quo
1293 1309 1505 1342 circumfusus
1529 1313 1630 1343 comi-

155 1369 223 1395 tatu
259 1363 384 1395 accedet
413 1365 454 1395 ad
492 1365 687 1404 Historiam,
716 1365 756 1396 ab
781 1376 881 1408 eaque
910 1373 994 1409 petet
1024 1366 1128 1398 lucem
1158 1367 1322 1404 veritatis,
1345 1366 1409 1410 qna
1430 1367 1500 1398 luce
1520 1370 1630 1400 omnia

151 1420 358 1463 perlustrabit
378 1422 534 1465 principis
561 1421 675 1464 Populi
702 1422 847 1453 instituta
872 1433 907 1453 ac
933 1422 1035 1466 leges,
1065 1423 1188 1455 videbit
1217 1424 1344 1456 illarum
1369 1425 1494 1464 fontes,
1527 1436 1631 1468 perse·

155 1486 274 1522 quetur
307 1489 513 1523 progressus,
542 1479 697 1523 judicabit
726 1479 979 1519 vicissitudines,
1010 1487 1041 1511 et
1068 1482 1241 1524 praecipiet
1273 1481 1431 1513 interitus,
1485 1483 1532 1512 Ne
1557 1492 1632 1512 vero

156 1536 191 1567 in
219 1536 282 1569 hoc
303 1536 491 1580 explorandi
517 1547 652 1567 munere
674 1536 811 1567 subinde
835 1542 918 1566 erret
941 1541 995 1566 aut
1012 1535 1152 1575 labatur,
1178 1535 1297 1567 adferet
1317 1547 1335 1568 e
1357 1536 1561 1579 Philosophia
1581 1547 1630 1567 ar.

154 1600 220 1625 tem
247 1596 395 1625 omnium
431 1596 548 1624 artium
574 1596 768 1630 maximam,
809 1594 874 1636 qua
901 1592 1070 1624 edoceatur
1086 1615 1096 1632 ,
1134 1599 1169 1624 ut
1195 1592 1362 1636 quondam
1392 1591 1633 1624 Jureconsulto·

155 1660 228 1681 rum
254 1652 475 1682 Romanorum
503 1650 757 1692 elegantissimus
783 1652 911 1681 Servius
935 1648 1116 1691 Sulpicius,
1145 1659 1213 1679 rem
1233 1651 1416 1680 universam
1435 1648 1574 1679 tribuere
1597 1649 1632 1679 in

156 1714 280 1750 partes,
303 1707 452 1738 latentem
479 1706 637 1748 explicare
661 1705 865 1744 definiendo,
896 1705 1064 1736 obscuram
1090 1704 1259 1747 explanare
1283 1704 1538 1747 interpretando,
1562 1715 1629 1735 am·

157 1762 255 1806 bigua
277 1764 417 1806 primum
446 1761 576 1800 videre,
607 1761 682 1792 dein
709 1761 923 1804 distinguere,
945 1769 1107 1805 postremo
1130 1761 1243 1793 habere
1267 1761 1426 1804 regulam,
1458 1761 1521 1804 qua
1556 1772 1630 1792 vera

151 1827 190 1852 'et
204 1820 279 1852 salsa
299 1820 481 1863 judicentur
498 1842 506 1857 ‚
527 1826 558 1850 et
575 1829 671 1861 quae,
684 1818 804 1860 quibus
815 1819 927 1861 positis
938 1840 948 1857 ,
958 1819 1022 1849 sint
1032 1841 1042 1856 ,
1055 1829 1200 1861 quaeque
1213 1830 1281 1849 non
1291 1820 1356 1850 sint
1366 1841 1377 1855 ,
1391 1820 1630 1860 consequentia.

199 1878 314 1908 Nonne
338 1877 482 1913 sentitis,
511 1874 697 1907 Auditores!
721 1883 752 1906 et
776 1877 841 1907 Vos
869 1876 1036 1917 inprimis,
1063 1877 1200 1906 Juvenes
1218 1874 1437 1907 Ornatissimi!
1470 1878 1526 1917 qui
1558 1875 1634 1906 ado..

158 1933 340 1964 lescentiam
369 1939 506 1963 vestram
533 1933 567 1962 in
596 1931 754 1974 elegantia
782 1933 867 1963 Juris
895 1940 926 1962 et
953 1931 1128 1963 litterarum
1155 1931 1341 1971 traducitis,
1378 1938 1576 1974 quantopere
1602 1942 1635 1961 se

159 1990 211 2022 vel
237 1989 298 2021 hoc
325 1989 393 2020 solo
419 1990 550 2021 nomine
578 1989 781 2022 commendet
808 1987 942 2021 ‘summa
970 1989 1054 2020 suris
1082 1990 1220 2020 Romani
1252 1987 1396 2026 utilitas,
1424 1988 1512 2032 quod
1537 1994 1637 2018 tauta-

919 2049 945 2078 C
1561 2055 1634 2075 runi
