1946 2517
683 162 1092 193 onAT1o.
1585 163 1624 210 ιβ

154 259 307 288 aaran,
335 257 538 286 cinnum,
565 248 635 286 atti,
659 259 698 279 ex
727 258 868 291 quonam
892 247 1000 289 fonte,
1025 252 1085 281 nisi
1116 260 1154 281 ex
1177 249 1396 293 Philosophia,
1420 261 1475 282 sua
1501 251 1613 282 hause-

153 307 254 338 runt?
283 306 342 337 Sed
362 306 509 349 pluribus
529 305 695 337 afferendis
717 305 927 347 supersedeo,
950 317 1022 336 cum
1044 305 1126 336 idem
1146 306 1213 344 ille,
1238 307 1294 348 qui
1318 306 1613 349 philosophantium

158 363 192 393 in
215 363 473 404 interpretatione
493 364 660 392 vanitatem
679 368 742 392 tarn
766 368 894 392 strenue
911 368 941 392 et
968 365 1105 404 graviter
1123 362 1277 405 explosit,
1302 373 1539 402 aanasnns,
1563 363 1615 394 de-

153 418 216 449 dita
251 430 347 461 opera
383 419 616 461 philosophiam
648 418 802 460 perfectae
830 419 1061 450 Grammaticae
1094 430 1161 450 non
1192 420 1299 450 minus
1326 419 1438 450 sedulo
1464 427 1495 451 et
1526 420 1618 451 docte

132 482 310 505 1asse11unt
341 476 442 506 iverit.
495 475 585 512 Quid
616 474 718 505 dicam
746 473 786 504 de
815 473 979 511 Historia,
1021 487 1036 503 α
1058 485 1075 505 a
1102 486 1164 517 qua
1189 476 1215 506 si
1249 474 1356 506 demas
1386 482 1418 506 et
1443 487 1559 518 quare,
1589 483 1619 505 et

156 543 172 558 c«
195 531 359 573 quomodo
385 538 416 562 et
442 532 534 574 cujus
558 531 656 573 gratia
677 531 754 573 quid
780 529 896 561 factum
917 532 976 568 sit,
999 537 1030 561 et
1054 541 1094 561 an
1119 530 1217 561 finem
1243 531 1388 562 habuerit
1412 533 1528 563 rationi
1544 543 1620 563 con·

149 600 166 616 α
189 595 392 625 sentaneum,
417 587 547 620 facetam
576 588 753 618 orationem
784 597 872 625 esse,
907 598 973 617 non
1003 586 1201 618 doctrinam'’
1225 592 1269 626 is,
1294 589 1387 631 cujus
1411 591 1515 622 verbis
1545 600 1622 633 usus

152 655 243 679 sum,
269 652 406 686 gravtter
434 646 560 676 monuit
581 655 800 675 rorrssrns.
847 645 1075 683 Pommus,
1099 645 1250 687 inquam,
1273 645 1330 687 qui
1349 656 1422 676 cum
1446 647 1622 678 orationem

151 711 240 731 suam
273 700 419 740 plurimis
450 701 730 743 saluberrimisque
752 699 871 742 (quod
892 711 1005 731 omnes
1038 699 1201 738 fatentur)
1233 704 1404 743 saptentiae
1433 703 1621 745 virtutisque

156 761 348 802 praeceptis,
371 766 522 801 tanquam
545 759 738 794 luminibus,
769 758 967 796 dtstinxerit‚
997 756 1081 788 haud
1097 767 1187 788 secus
1209 768 1245 787 ac
1268 767 1457 796 rActTus,
1482 769 1626 800 pragma-

159 817 238 846 ticae
269 815 437 853 historiae,
470 827 550 857 quae
572 815 637 846 sola
662 813 880 846 Providentiae
904 814 1031 845 divinae
1057 813 1215 845 theatrum
1242 825 1278 845 ac
1302 813 1489 857 prudentiae
1515 815 1624 846 schola

153 874 295 910 exsistit,
324 872 524 915 exemplum,
555 872 708 903 omnibus
737 870 850 901 seculis
887 870 1097 908 imitandum,
1126 871 1272 913 praeivit3
1304 871 1460 913 cujusque
1490 871 1625 914 proinde

150 929 282 971 vestigia
302 928 405 971 legere
427 929 542 960 honori
560 929 620 960 sibi
638 927 757 959 duxere
779 937 954 965 THUANI,
980 937 1334 966 MONTESQUIEVAI,
1358 939 1623 967 ROBERTsotU,

153 992 185 1016 et
219 992 379 1028 quotquot
408 993 533 1029 patrum
563 986 700 1016 maxime
728 991 759 1016 et
789 991 896 1015 nostra
931 985 1084 1014 memoria
1115 984 1266 1027 praeclari
1296 985 1374 1027 quid
1406 986 1439 1016 iu
1471 985 1532 1017 hoc
1566 985 1624 1017 do-

152 1042 325 1073 ctrinarum
356 1052 471 1084 genere
501 1042 735 1085 praestiterunt.
782 1040 863 1077 Sed,
895 1040 974 1083 quid
994 1051 1076 1083 opus
1100 1041 1155 1077 sit,
1182 1041 1239 1071 hac
1264 1041 1303 1071 de
1329 1052 1363 1072 re
1390 1052 1428 1073 ex
1455 1041 1517 1072 hoc
1549 1041 1620 1073 loco

151 1099 298 1142 pluribus
325 1099 452 1130 dicere?
481 1101 639 1130 Resonare
673 1097 752 1128 mihi
783 1096 912 1140 quidem
953 1097 1049 1138 hujus
1086 1096 1191 1127 adhuc
1219 1098 1351 1138 parietes
1379 1097 1541 1128 Auditorii
1572 1099 1619 1128 vi-

149 1155 266 1186 dentur
279 1165 455 1186 nonenim
471 1156 571 1186 nostri
593 1155 798 1192 Historicum,
814 1153 941 1184 divinae
958 1153 1176 1184 Providentiae
1195 1153 1440 1192 adiniuistrum3
1455 1161 1486 1185 et
1507 1157 1619 1186 teritur

151 1215 297 1246 omnium
334 1213 484 1244 manibus
517 1213 730 1244 eruditissima
764 1219 795 1243 et
829 1212 1061 1253 elegantissima
1094 1210 1163 1250 ejus
1191 1209 1230 1240 de
1260 1210 1390 1241 historia
1426 1213 1620 1254 pragmatica

152 1270 337 1313 disputatio.
369 1270 434 1308 Qui
457 1269 588 1312 quidem
612 1272 665 1300 Vir
681 1270 840 1312 optimus,
865 1269 898 1298 in
917 1269 987 1310 ipso
1004 1268 1086 1298 vitae
1105 1266 1183 1298 flore
1201 1267 1294 1298 eheu!
1321 1267 1413 1298 nobis
1432 1276 1573 1312 ereptus,
1592 1272 1620 1301 si

150 1326 278 1369 longior
306 1328 365 1370 ipsi
392 1337 409 1357 a
431 1328 564 1357 Summo
586 1328 644 1358 Dei
669 1328 810 1358 Numine
833 1326 896 1356 vita
921 1324 1031 1356 fuisset
1056 1335 1225 1362 concessa,
1247 1335 1307 1355 suo
1329 1326 1449 1366 optime
1468 1327 1616 1370 exemplo

149 1383 333 1423 docuisset,
361 1390 518 1427 quantum
548 1384 672 1416 intersit
707 1384 874 1420 Historici,
907 1381 1130 1424 philosophiae
1161 1391 1229 1412 esse
1267 1382 1428 1423 peritum,
1461 1391 1619 1424 quantum

149 1441 363 1485 Philosophus
397 1443 555 1474 Historiae
582 1442 690 1474 studio
720 1442 799 1472 dans
827 1450 954 1483 operam
985 1445 1119 1481 praestet
1151 1437 1303 1468 omnibus
1337 1437 1405 1468 aliis
1433 1439 1619 1471 Historicisl

151 1499 251 1539 cnjus
268 1498 459 1531 desiderium
479 1505 515 1530 ut
534 1500 706 1542 aegerrime
722 1498 877 1535 tulimus,
900 1497 946 1527 sie
966 1495 1070 1526 adhuc
1088 1495 1218 1525 ferimus
1240 1500 1329 1524 tanto
1350 1495 1492 1536 aegrius,
1517 1506 1619 1538 quau-

151 1560 185 1586 to
207 1555 328 1586 diutius
353 1555 532 1587 cathedram
566 1556 636 1598 ejus
667 1561 847 1592 vacantem,
868 1563 942 1590 nec,
962 1552 1031 1583 aliis
1058 1550 1130 1582 licet
1158 1550 1243 1582 Viris
1264 1549 1366 1580 doctis
1387 1550 1545 1590 oblatam,
1571 1555 1622 1584 in.

157 1611 307 1643 credibile
329 1611 433 1643 dictu!
458 1614 629 1655 appetitam
655 1611 812 1642 videmus.
861 1608 957 1649 Quod
979 1608 1133 1639 damnum
1158 1606 1343 1637 Academiae
1367 1613 1398 1637 et
1423 1606 1560 1639 dedecus
1585 1615 1621 1640 ut

152 1666 242 1698 brevi
264 1667 306 1698 ita
332 1666 508 1706 auferatur,
531 1670 577 1698 uti
603 1668 732 1710 quidem
763 1666 893 1708 antiqua
920 1664 1081 1707 Lugduno
1107 1665 1235 1693 Batavae
1270 1662 1456 1694 Academiae
1478 1664 1616 1706 dignitas

153 1723 315 1766 postulet,
346 1731 418 1755 vota
449 1735 676 1767 nuncupamus
699 1724 821 1755 sincera
854 1731 885 1754 et
909 1718 1141 1753 ardentissima!
1172 1739 1204 1744 --
1230 1719 1291 1751 Sed
1318 1722 1452 1753 verbum
1481 1722 1520 1753 de
1550 1723 1620 1754 An.

154 1780 309 1821 tiquitatis
337 1780 445 1812 studio
476 1781 670 1814 addendum.
716 1781 815 1824 Quod
842 1779 963 1822 duplici
989 1777 1118 1820 quidem
1152 1777 1274 1808 ratione
1297 1788 1371 1808 curn
1400 1777 1620 1822 Philosophiae

155 1827 262 1867 studio
285 1837 494 1879 conjunctum
521 1849 588 1869 esse
618 1838 754 1870 videtur.
800 1839 909 1871 Altera
929 1848 965 1868 ea
985 1843 1053 1875 est,
1075 1835 1162 1878 quod
1183 1835 1216 1865 in
1240 1835 1355 1867 ritibus
1377 1842 1408 1866 et
1433 1838 1518 1868 varia
1543 1848 1621 1868 con-

155 1893 324 1924 suetudine
355 1894 549 1937 populorum
580 1899 686 1927 omnis
714 1896 801 1934 aevi,
827 1894 1052 1929 barbarorum,
1080 1891 1386 1931 semibarbarorum‚
1408 1892 1569 1924 cultorum
1591 1901 1623 1926 et

158 1949 442 1993 politissimorum‚
464 1954 571 1984 omnis
598 1950 697 1984 ferme
722 1956 866 1986 materies
893 1961 958 1992 est,
991 1954 1097 1984 omnis
1122 1957 1310 1995 apparatus,
1333 1962 1399 1995 quo
1433 1953 1534 1995 ipsam
1557 1955 1622 1984 Hu-

948 2012 973 2042 B
996 2019 1012 2051 3
1561 2020 1626 2040 ma-
