1946 2517
350 181 665 215 COMMENTATIO
695 192 738 214 An
768 181 1072 222 QUAESTIONEM
1097 183 1316 217 PHYSiCAM.

1562 196 1599 225 ⁴1

1464 274 1519 292 met.

115 296 209 333 Igitur
230 294 355 325 altitudo
378 297 486 326 Aetnae
504 305 590 333 supra
612 296 696 325 maris
716 295 840 324 libellam
864 316 1064 327 .......
1074 316 1079 320 ἡ
1086 316 1383 328 ..........
1406 298 1532 334 336ι,ὅ()

122 348 179 376 Sed
203 354 246 376 est
270 347 338 376 haec
361 349 484 378 altitudo
507 355 638 377 accurate
659 347 726 385 (1)
747 355 784 374 =
805 366 1094 379 ..........
1115 357 1130 377 c
1154 368 1379 379 ........
1404 356 1531 385 3339,35

133 404 138 407 “
1463 401 1545 445 m?

802 451 957 481 differentia
977 462 1013 481 =
1038 472 1398 484 ............
1440 461 1531 490 22‚54

72 516 137 545 -sive
157 500 209 578 {KZ-3
231 523 298 552 pars
320 515 411 545 totius
434 515 608 545 altitudinis.

116 592 174 622 Est
192 593 282 630 igitur
299 593 366 621 haec
386 592 458 621 ratio
475 592 561 621 nimis
578 592 704 627 incerta,
732 592 829 628 itaque
845 599 993 628 nunqnam
1017 592 1193 627 adhibenda,
1215 593 1328 628 quando
1345 599 1519 629 cognoscere
1533 599 1585 620 vo-

80 643 181 672 lumus
203 643 382 673 altitudinem
408 644 533 679 aliquam
559 644 631 672 intra
651 652 687 679 50
706 651 801 674 metra.
842 643 947 680 Neque
970 644 1051 672 aliter
1073 644 1132 672 fieri
1151 650 1264 680 potest:
1287 651 1488 680 comparantur
1513 643 1589 671 enim

77 694 233 731 singulares
255 694 471 723 observationes
490 695 519 723 in
538 695 662 724 statione
692 695 838 731 superiore
861 704 927 724 cum
952 695 1053 724 mediis
1073 697 1177 725 sumtis
1201 703 1235 723 ex
1258 695 1384 723 seriebus
1410 694 1590 723 observatio-

78 753 149 773 num
168 745 196 774 in
218 745 354 774 inferiore
371 745 496 774 statione
515 745 654 774 factarum
669 765 679 781 ,
700 746 739 775 ita
757 753 789 775 ut
804 755 838 776 eo
857 753 967 776 tantum
989 755 1058 776 casu
1085 755 1148 775 vera
1168 747 1226 776 loci
1248 747 1372 775 altitudo
1387 747 1452 775 inde
1468 745 1589 781 reperie-

77 802 145 831 tur,
166 797 281 832 quando
300 797 375 825 forte
392 795 511 825 fortuna
528 797 677 826 observata
702 798 856 827 barometri
880 798 1002 827 altitudo
1024 798 1115 826 media
1137 799 1200 836 ejus
1224 798 1283 827 loci
1304 799 1353 826 sit.
1395 798 1451 826 Sed
1475 796 1587 825 etiamsi

80 853 108 875 et
127 855 180 883 pro
196 847 263 876 loco
281 847 428 883 superiore
449 856 482 876 ex
502 848 649 877 diuturnis
668 849 926 890 observationibus
950 850 1068 885 cognita
1093 856 1170 878 esset
1189 851 1279 878 media
1302 849 1455 878 barometri
1475 855 1502 876 et
1514 848 1590 876 ther-

69 898 208 927 ·mometri
227 898 371 934 altitudo,
393 899 518 928 manebit
539 906 632 929 tamen
652 901 889 937 impedimentum
917 900 1034 929 maximi
1051 901 1211 936 momenti,
1233 901 1299 931 scil.
1317 900 1463 936 ignoratio
1479 906 1587 935 tempe·

75 956 187 977 raturae
202 949 231 977 in
259 949 343 977 maris
365 950 462 979 libella
482 959 516 979 eo
541 957 687 987 tempore,
708 960 770 988 quo
795 953 826 981 in
853 952 1000 988 superiore
1022 951 1148 979 statione
1177 951 1360 980 observatum
1378 956 1441 979 est:
1464 951 1588 986 primum

77 999 151 1028 enim
172 1001 317 1029 nescimus
339 1001 432 1030 adhuc
449 1002 540 1038 legem
557 1002 743 1032 diminuentis
761 1004 886 1040 caloris3
909 1002 1038 1031 secundo
1054 1009 1166 1038 autem,
1189 1002 1301 1030 etiamsi
1320 1001 1371 1030 hac
1390 1002 1508 1038 cognita
1522 1001 1587 1030 inde

70 1057 290 1086 computaretur
308 1057 498 1087 temperatura
515 1053 545 1082 in
565 1053 650 1082 maris
673 1053 844 1091 superficie,
861 1055 934 1082 *haec
956 1061 1021 1081 raro
1037 1059 1148 1082 tantum
1175 1062 1240 1082 vera
1265 1053 1337 1088 erit,
1360 1053 1467 1089 quippe
1485 1052 1584 1080 multis

73 1103 172 1130 causis
185 1121 196 1136 ‚
218 1102 262 1129 uti
279 1103 395 1137 ventis,
418 1103 537 1139 pluvia,
559 1105 644 1139 nive,
665 1110 721 1134 cet.
734 1125 744 1141 ‚
773 1105 988 1140 atmosphaerae
1009 1104 1134 1132 calorem
1160 1103 1246 1132 variis
1272 1103 1365 1133 modis
1382 1102 1560 1132 mutantibus
1573 1101 1602 1136 ,”

76 1159 197 1188 eamque
212 1151 303 1190 igitur
321 1152 512 1190 irregulariter
527 1155 717 1185 dilatantibus
735 1161 822 1192 atque
836 1152 1090 1186 contrahentibus.

779 1241 807 1276 §-
846 1240 877 1268 6.

559 1321 777 1363 Determz'nanfo
796 1323 886 1360 spatii
904 1322 1108 1353 horizontalis.

117 1399 236 1430 Tertius
256 1400 411 1432 barometri
429 1411 501 1432 usus
514 1425 524 1440 ,
543 1404 576 1433 de
594 1411 653 1439 quo
673 1404 743 1433 mihi
768 1412 845 1434 nunc
871 1403 1023 1434 dicendum
1035 1425 1046 1440 ,
1067 1411 1111 1433 est
1130 1403 1326 1434 determinatio
1343 1405 1429 1441 spatii
1450 1405 1586 1434 horizon-

67 1452 139 1481 talis
157 1453 279 1482 duorum
300 1455 430 1483 locorum
443 1475 453 1490 ‚
475 1455 592 1492 cognita
611 1456 697 1484 unius
719 1465 807 1493 supra
829 1456 949 1485 alterum
970 1456 1121 1485 altitudine
1144 1462 1172 1484 et
1189 1455 1334 1484 distantiis
1356 1456 1507 1492 utriusque
1527 1458 1585 1487 loci

71 1503 109 1532 ab
124 1504 242 1532 alterius
254 1504 365 1533 zenith.

113 1554 177 1583 Sint
202 1555 229 1582 A
245 1561 272 1582 et
289 1554 310 1582 Β
327 1555 351 1591 ·(
361 1556 421 1585 vid.
444 1556 493 1593 fig.
512 1558 556 1594 8)
586 1559 644 1586 duo
669 1559 726 1587 loci
747 1558 782 1587 jn
809 1559 959 1595 superficie
985 1565 1091 1593 terrae,
1122 1565 1208 1594 quam
1235 1564 1369 1593 tanquam
1395 1559 1513 1594 globum
1539 1567 1589 1588 su·

73 1611 148 1632 mere
171 1604 290 1640 licebit,
319 1606 382 1634 Alt¹
404 1615 487 1635 arcus
513 1608 677 1643 terrestris,
707 1609 796 1644 igitur
817 1609 875 1636 Bss‘
894 1618 931 1637 =
954 1620 972 1638 z
990 1618 1028 1638 =
1052 1609 1174 1637 altitudo
1198 1608 1254 1636 Ioci
1275 1607 1297 1635 B
1319 1617 1405 1645 supra
1425 1610 1471 1646 ΑΞ,
1500 1619 1587 1646 porro

73 1655 92 1683 L
105 1653 182 1684 YAB
201 1665 236 1683 =
252 1656 278 1684 D
293 1665 330 1684 =
349 1659 365 1687 δ
383 1658 420 1693 -1-
436 1669 474 1693 r,
501 1665 528 1686 et
556 1657 660 1688 AVBA
682 1669 719 1689 =
737 1661 775 1688 D'
790 1669 827 1688 =
841 1662 867 1691 δ’
883 1661 920 1698 -1-
937 1660 984 1695 r',
1006 1659 1030 1688 si
1048 1661 1063 1690 δ
1078 1665 1104 1688 et
1121 1658 1147 1690 δ’
1162 1665 1231 1687 sunt
1253 1659 1350 1695 anguli
1373 1661 1536 1696 observati,
1563 1668 1592 1690 et

74 1714 94 1734 r
110 1711 138 1733 et
157 1706 183 1733 ν’
204 1707 303 1743 anguli
320 1707 357 1736 iis
383 1715 500 1745 propter
523 1709 722 1741 refractionem
748 1713 866 1743 addendi
876 1721 887 1749 3
910 1712 1033 1748 denique
1049 1710 1110 1740 Ass‘
1123 1720 1159 1740 =
1175 1720 1197 1739 x
1208 1720 1244 1740 =
1261 1711 1386 1749 spatium
1408 1711 1587 1742 horizontale

72 1762 246 1792 quaesitum.

1559 1961 1595 1989 lu

105 2043 158 2074 (ι)
180 2044 250 2070 conr.
272 2051 417 2076 nuncu,
439 2045 514 2077 Mati.
532 2054 554 2073 η,
571 2049 637 2078 Phys.
660 2051 740 2079 Guogr.
755 2057 777 2078 a.
792 2054 852 2077 Am.
874 2054 917 2077 Th.
933 2052 969 2081 u,
984 2050 1019 2079 ⁸⁶·

858 2094 879 2123 F
