1946 2517
284 183 323 224 ¹4
734 181 770 212 η,
857 170 1316 209 nossona,

279 283 352 307 ante
389 274 498 306 omnia
534 283 616 316 opus
650 284 717 304 esse
751 270 943 303 Nosocomio
982 265 1180 302 universali,
1223 265 1257 295 in
1295 273 1362 305 quo
1399 261 1558 293 institutio
1597 263 1749 296 omnibus

283 333 427 364 numeris
463 338 700 369 consummata,
741 340 820 367 nec,
861 327 908 358 uti
937 324 1037 363 solet,
1077 321 1274 354 defunctorie
1301 326 1448 357 tantum,
1478 319 1652 351 constituta
1679 331 1747 352 esse

286 389 407 420 debeat.

329 446 366 475 ln
398 446 460 475 isto
493 443 608 474 clinico
640 441 764 473 admitti
796 439 949 470 deberent
986 434 1218 476 cujuscumque
1248 432 1372 474 generis
1408 433 1546 474 aegroti,
1583 434 1752 478 utriusque

286 512 397 539 sexus,
434 500 617 541 morbisque
647 497 826 528 laborantes
862 501 925 526 tam
959 491 1092 524 internis
1118 499 1214 532 quam
1241 489 1391 521 externis.
1445 490 1484 520 Et
1512 489 1561 521 his
1589 491 1632 521 ita
1654 491 1751 522 semel

291 556 374 590 bene
404 556 603 592 constitutis,
642 555 676 584 in
713 559 874 596 posterum
912 547 993 580 nulli
1027 546 1180 588 chirurgo
1213 544 1336 575 licitum
1368 554 1435 576 esse
1467 544 1615 585 deberet,
1648 553 1748 578 artem

294 624 384 645 suam
416 622 580 647 exercere,
616 610 678 641 nisi
706 620 761 652 per
787 605 918 650 aliquod
945 605 1098 647 temporis
1123 602 1261 644 spatium
1291 601 1325 632 in
1349 600 1403 632 tali
1425 602 1619 634 Nosocomio
1648 614 1754 635 neces·

294 672 407 702 sariam
430 669 493 701 sibi
519 673 730 711 comparasset
754 663 1003 708 experientiam,
1037 660 1148 702 ibique
1177 660 1244 700 ipse
1269 667 1380 700 aegros
1401 663 1570 690 tractasset.

335 728 485 764 Tirones,
518 731 687 766 antequam
715 721 755 753 ad
779 721 865 753 illam
894 718 1136 750 admitterentur
1162 715 1418 750 institutionem,
1451 715 1593 756 primum
1615 715 1757 746 examini

292 784 397 816 forent
425 780 660 814 submittendi:
700 785 755 817 ut,
795 778 857 809 nisi
890 776 972 808 bene
1006 772 1182 817 praeparati
1214 777 1245 802 et
1272 770 1454 802 necessariis
1481 771 1628 802 instructi
1652 777 1758 802 essent

294 839 489 883 disciplinis,
524 844 578 868 aut
602 837 629 867 si
648 835 761 878 judicii
788 833 973 866 infirmitate
993 840 1124 876 prorsus
1149 828 1279 861 inutiles
1306 828 1492 861 viderentur
1514 835 1546 860 et
1569 829 1689 872 inepti,
1718 828 1762 860 ab

294 897 496 930 institutione
517 898 750 924 amoverentur.

326 955 364 985 Et
374 951 565 996 profect0‚si
575 949 754 980 adsalutem
770 946 964 990 reipublicae
979 946 1126 978 omnium
1147 945 1279 977 maximi
1294 946 1442 982 interest,
1454 950 1490 975 ut
1500 942 1624 975 civibus
1634 943 1763 986 vigeant

297 1012 332 1042 in
368 1019 501 1052 corpore
527 1008 629 1044 vires3
659 1006 687 1036 si
720 1003 803 1035 nihil
834 1003 906 1046 plus
934 1002 1084 1046 praesidii
1114 1002 1237 1033 confert
1261 1007 1356 1044 atque
1380 999 1558 1031 adiumenti
1579 999 1619 1030 ad
1645 1001 1764 1042 patriae

297 1064 542 1108 amplitudinem
579 1069 674 1104 atque
704 1061 892 1103 dignitatem
924 1069 1066 1102 opesque
1102 1057 1280 1100 augendas;
1318 1059 1345 1088 si
1379 1057 1419 1088 ab
1452 1057 1630 1099 integritate
1656 1057 1767 1098 cujus·

296 1131 382 1164 que,
415 1118 588 1150 humillimi
612 1119 708 1149 etiam
737 1117 840 1153 civis,
876 1114 995 1158 pendet
1022 1115 1120 1145 totius
1149 1113 1286 1145 civitatis
1313 1113 1398 1144 salus
1425 1119 1457 1144 et
1487 1111 1709 1152 incolumitas;
1737 1112 1767 1144 si

298 1177 438 1219 denique
464 1174 504 1206 ad
528 1183 733 1206 communem
761 1174 886 1215 generis
913 1171 1048 1202 humani
1076 1170 1209 1202 salutem
1235 1169 1323 1201 nulla
1349 1180 1398 1201 res
1422 1170 1543 1212 major,
1576 1168 1664 1200 nulla
1686 1167 1769 1200 fruc·

301 1236 424 1266 tuosior
453 1240 501 1265 est
528 1232 582 1264 illa
613 1238 698 1268 arte,
735 1240 817 1274 quae
843 1232 878 1262 in
905 1232 969 1261 vita
996 1228 1167 1260 hominum
1194 1233 1226 1258 et
1252 1225 1434 1258 valetudine
1458 1224 1575 1257 tuenda
1602 1230 1767 1264 versatur,

301 1291 400 1324 modo
430 1301 528 1334 quam
562 1288 745 1333 peritissimi
771 1286 812 1318 ad
836 1297 906 1318 eam
931 1284 1167 1329 suscipiendam
1194 1283 1360 1323 accedant3
1393 1282 1482 1314 nulla
1507 1292 1584 1314 vero
1613 1282 1770 1325 pernicio·

303 1348 387 1384 sior,
427 1345 558 1388 quando
589 1345 647 1387 qui
675 1353 744 1375 eam
775 1349 939 1382 exercent,
981 1341 1108 1374 nullum
1143 1342 1212 1383 ejus
1242 1351 1338 1371 usum
1363 1345 1396 1371 et
1423 1339 1586 1371 scientiam
1614 1338 1771 1370 habeantz

304 1404 328 1434 si
363 1403 461 1445 igitur
495 1401 571 1432 haec
599 1401 707 1431 omnia
735 1401 778 1431 ita
807 1405 904 1437 sunt,
933 1401 1007 1441 quis
1033 1409 1102 1429 non
1124 1397 1211 1429 videt
1233 1407 1270 1427 ac
1293 1398 1410 1433 sentit,
1441 1396 1554 1438 quanti
1579 1394 1772 1436 reipublicae

305 1462 448 1497 intersit,
480 1464 517 1490 ut
544 1467 641 1501 quam
669 1456 852 1499 peritissimi
875 1454 1090 1487 informentur
1118 1453 1287 1491 homines,
1318 1452 1376 1494 qui
1404 1457 1436 1482 et
1462 1451 1496 1482 in
1519 1450 1694 1493 majoribus
1719 1460 1773 1481 ur.

305 1516 422 1554 bibus,
464 1522 495 1546 et
532 1516 566 1546 iu
605 1513 785 1545 minoribus
818 1514 1001 1555 praesertim
1039 1522 1076 1543 ac
1111 1512 1226 1554 pagis,
1270 1509 1390 1552 quibus
1420 1507 1493 1551 plus
1518 1518 1615 1551 quam
1641 1508 1773 1541 dimidia

306 1575 426 1605 civium
458 1583 529 1615 pars
555 1572 759 1609 continetur,
796 1569 836 1600 ad
862 1570 974 1600 mortis
1005 1567 1257 1610 morborumque
1284 1564 1423 1609 pericula
1447 1564 1655 1609 depellenda,
1686 1576 1775 1597 exer-

313 1634 439 1662 citatam
464 1629 598 1660 habeant
623 1627 799 1658 scientiam.

354 1687 450 1729 Quod
478 1689 505 1719 si
537 1698 610 1719 vere
642 1697 660 1718 a
694 1696 745 1717 me
770 1684 892 1715 dictum
918 1688 983 1720 est,
1017 1681 1055 1713 A.
1078 1680 1115 1711 A.
1142 1678 1219 1710 tales
1248 1677 1394 1709 homines
1418 1677 1583 1709 informari
1608 1688 1674 1709 non
1700 1688 1773 1721 pos.

313 1756 345 1776 se
379 1746 447 1776 sine
482 1746 618 1787 practica
652 1742 872 1778 institutione3
908 1745 1002 1781 atque
1028 1737 1107 1769 adeo
1135 1738 1169 1768 in
1199 1737 1316 1768 clinico
1342 1735 1500 1778 ejusmodi
1527 1736 1674 1766 instituto
1697 1733 1776 1778 fingi

312 1811 368 1832 eos
401 1800 533 1840 debere,
570 1812 637 1832 non
669 1809 745 1830 vero
773 1797 839 1829 sola
865 1796 1034 1828 theoretica
1063 1795 1280 1831 institutione,
1311 1803 1386 1824 curu
1412 1802 1474 1834 qua
1501 1792 1607 1822 omnis
1633 1791 1779 1834 empirici

315 1868 392 1888 usus
409 1869 474 1889 non
498 1859 559 1888 nisi
576 1855 775 1887 defunctorie
800 1853 880 1885 solet
893 1863 960 1884 esse
977 1853 1190 1884 coniunctus:
1227 1851 1401 1891 veniojam
1425 1847 1464 1878 ad
1488 1849 1687 1891 praecipuam
1715 1858 1780 1879 ser-

316 1915 422 1945 monis
449 1915 512 1945 mei
540 1920 659 1956 partem
675 1936 686 1954 ‚
716 1913 749 1943 in
774 1922 838 1954 qua
863 1910 1080 1942 demonstrare
1109 1909 1188 1939 milii
1215 1907 1383 1950 proposui,
1415 1903 1574 1946 ejusmodi
1598 1906 1780 1935 institutum

319 1969 436 2001 nullibi
459 1973 492 2002 in
515 1971 612 2013 patria
639 1975 745 2000 nostra
774 1967 888 1999 melius
915 1966 1068 1997 constitui
1097 1974 1206 2007 posse,
1238 1973 1334 2005 quam
1364 1963 1398 1993 in
1425 1961 1483 1991 hac
1510 1967 1617 1991 nostra
1645 1961 1782 1993 civitate.

364 2026 581 2058 Academicam
612 2026 846 2058 institutionem
871 2034 968 2067 supra
993 2023 1133 2055 vidimus
1159 2020 1258 2052 varias
1283 2018 1325 2050 ob
1350 2028 1475 2050 caussas
1501 2017 1617 2049 nostris
1642 2016 1781 2048 alumnis
1792 2032 1802 2059 1

1720 2083 1780 2104 ml-
