1946 2517
284 148 327 185 5ss
686 136 1025 171 GULIELMr
1083 135 1389 171 DELPRAT

293 231 365 264 dos,
391 227 455 257 aliis
477 226 708 256 benefaciendum
730 231 757 252 et
784 223 878 251 omnia
903 228 1001 250 nostra
1024 218 1087 257 erga
1113 221 1186 250 alios
1211 222 1301 251 officia
1329 223 1494 258 praestanda
1520 243 1537 257 „
1554 229 1585 251 ut
1609 223 1674 261 (ι)
1704 210 1806 253 amori-

298 288 362 315 erga
384 287 437 307 nos
463 278 543 313 ipsos
566 277 779 305 satisfaciamus
807 274 834 302 h,
854 282 877 302 e.
900 279 1013 300 nostras
1035 271 1223 307 perfectiones
1248 282 1488 309 promoveamus,
1509 280 1535 302 et
1559 282 1592 302 ex
1615 275 1672 303 illis
1694 275 1797 310 volup·

304 337 389 359 tatem
417 330 587 365 capiamust
616 334 790 362 quapropter
809 333 874 353 cum
901 324 946 352 hic
964 324 1029 353 linis
1055 326 1136 352 unice
1151 326 1271 354 obtineri
1290 326 1384 362 possit
1407 325 1654 362 perfectionibus,
1676 334 1747 361 quae
1764 325 1799 354 ab

300 381 362 409 aliis
386 380 596 412 conferuntur,
624 376 807 405 manifestum
839 384 899 410 est,
929 377 1067 412 justitiam
1095 384 1155 404 esse
1187 378 1418 412 promtitudInem
1443 378 1507 406 aliis
1529 377 1719 413 perfectiones
1747 377 1800 405 lar·

302 432 414 469 giemi,
436 438 574 468 quatenus
594 428 654 457 illis
670 431 797 466 propria
819 426 1019 465 ampltficatur
1032 447 1041 460 ,
1063 427 1160 455 saltem
1189 436 1246 456 non
1275 428 1462 464 impeditur.”

339 480 520 510 Probandum
538 479 631 507 adhuc
657 486 731 508 esset
752 486 820 508 num
849 479 1015 516 hujusmodi
1036 478 1190 507 falsissima
1208 479 1367 515 principia,
1390 481 1481 516 vulgo
1499 480 1566 508 haec
1588 480 1714 515 legente,
1743 485 1800 508 tam

302 532 465 570 perniciosa
487 531 546 559 sint
570 538 654 565 quam
677 538 773 558 eorum
796 532 938 566 sequelae.

342 585 486 614 Praeterea
515 584 617 611 horum
643 582 851 618 principiorum
880 583 1037 618 periculum
1067 583 1205 612 minuitur
1227 591 1279 619 per
1306 589 1474 619 praecepta,
1504 582 1612 618 quibus
1641 581 1809 618 saepissime

310 635 511 666 Leibnltziana
530 633 635 662 Schola
651 634 741 662 officia
759 641 822 670 erga
840 634 913 662 alios
937 635 1102 670 praecepit;
1124 642 1150 664 v.
1168 643 1197 664 c.
1221 634 1349 663 Wolfius
1371 635 1436 672 (2)
1463 655 1480 669 ‚,
1496 634 1698 670 unusquisque
1718 633 1810 662 homi-

304 695 374 717 num
398 687 432 715 ad
458 685 660 722 perfectionem
688 686 805 713 alterius
832 692 984 721 statusque
1011 687 1105 722 ipsius
1121 685 1251 715 conferre
1285 685 1430 722 obligatur
1459 693 1506 721 per
1538 684 1626 720 ipsam
1658 687 1809 714 essentiam

307 748 338 767 ac
363 744 615 771 naturam‘suam,
639 744 778 772 quantum
798 736 929 765 conferre
956 737 1027 765 valet
1050 736 1156 774 (3).''
1196 737 1361 773 „Studium
1388 735 1575 773 promovendi
1602 735 1724 764 aliorum
1747 743 1812 772 pet·

307 791 461 819 sectionem
486 797 538 825 pro
562 788 657 824 virili,
678 795 721 817 est
745 790 807 825 lege
832 789 953 817 naturali
978 788 1196 824 praeceptum.'’

350 841 397 869 Sic
422 848 539 877 quoque
562 840 704 876 ignobiles
726 840 821 875 ideae,
844 847 915 875 quas
942 840 1099 869 Leibnitzii
1120 841 1224 870 Schola
1241 841 1275 869 de
1293 841 1416 874 virtute,
1438 845 1583 874 tamquam
1606 836 1698 866 medio
1716 837 1751 866 ad
1770 835 1816 866 fe·

312 893 446 921 licitatem
472 892 705 927 consequendam
733 891 836 926 tradit,
859 899 1084 927 compensantur·
1111 901 1160 929 per
1182 892 1347 929 hujusmodi
1369 897 1536 926 praecepta:

350 963 368 979 „
388 943 491 971 Virtus
513 943 628 971 sibimet
649 943 707 978 ipsi
725 943 879 980 praemium
897 949 941 973 est
961 944 1049 981 (4):
1073 944 1184 980 probus
1210 943 1299 971 homo
1323 950 1398 977 opus
1420 949 1478 969 non
1503 940 1589 968 habet
1610 939 1762 976 praemiis,
1785 945 1819 968 ut

315 996 350 1024 ad
375 996 504 1024 actiones
529 995 584 1031 legi
608 1001 724 1023 naturae
751 995 916 1024 conformes
941 995 1158 1024 committendas
1185 1001 1212 1022 et
1238 994 1273 1022 ad
1296 993 1424 1021 actiones
1447 991 1535 1019 eidem
1562 990 1703 1019 deformes
1733 991 1819 1019 omit-

311 1046 411 1074 tendas
433 1045 594 1081 impellatur
613 1047 656 1082 (5
672 1046 701 1082 ).
741 1047 830 1075 Actio
859 1052 935 1074 recta
957 1053 1016 1075 non
1031 1052 1075 1074 est
1103 1053 1175 1081 quae
1195 1053 1272 1074 metu
1291 1050 1447 1081 poenarum
1467 1047 1677 1077 extorquetur,
1705 1043 1750 1070 vel
1767 1049 1821 1078 spe

285 1098 291 1101 '
311 1097 429 1134 praemii
455 1098 654 1125 tantummodo
677 1097 793 1126 elicitur
811 1097 922 1135 (6).”

359 1147 448 1185 Quod
484 1154 576 1176 autem
612 1148 714 1177 attinet
744 1149 779 1177 ad
805 1150 978 1179 harmoniae
999 1150 1226 1188 praestabilitas
1249 1149 1352 1185 dogma
1376 1147 1434 1175 hoc
1465 1151 1596 1175 accurate
1623 1144 1679 1173 sub
1707 1151 1823 1174 examen

317 1206 448 1227 revocare
477 1198 572 1227 minus
599 1199 686 1236 hujus
718 1200 776 1228 loci
809 1205 865 1229 est.
913 1200 978 1229 Hoc
1010 1210 1129 1238 quoque
1159 1201 1295 1237 placitum
1316 1221 1326 1236 ‚
1355 1203 1456 1234 utpote
1482 1197 1638 1225 libertatem
1672 1196 1834 1237 hominum?

321 1250 469 1279 destruens
487 1259 502 1279 a
525 1250 625 1280 multis
645 1251 840 1288 improbatum
859 1257 915 1280 est.
956 1252 1099 1282 Videntur
1121 1260 1214 1282 tamen
1238 1252 1299 1288 ejus
1325 1249 1540 1286 reprehensores
1569 1247 1658 1284 magis
1674 1247 1828 1276 attendisse

319 1306 346 1328 et
366 1301 479 1329 assidue
510 1308 696 1337 oppugnasse
719 1301 786 1329 vitia
812 1309 885 1336 quae
912 1302 980 1330 huic
1017 1303 1126 1339 placito
1152 1304 1248 1332 inesse
1280 1301 1452 1334 censebant,
1481 1306 1566 1334 quam
1599 1299 1634 1327 ad
1662 1301 1836 1334 argumenta·

323 1350 430 1387 quibus
453 1350 637 1380 Leibnitzius
664 1352 719 1380 hoc
746 1353 848 1388 dogma
877 1352 1020 1382 defendit:
1044 1354 1178 1388 quoniam
1208 1353 1263 1381 hoc
1292 1354 1375 1381 unice
1396 1358 1486 1388 agunt
1509 1356 1542 1377 ut
1565 1356 1689 1384 systema
1714 1356 1828 1386 oppug-

321 1408 414 1438 nent,
442 1407 468 1429 et
490 1400 548 1430 fere
573 1410 729 1439 numquam
752 1403 915 1439 loquuntur
939 1404 974 1432 de
997 1403 1155 1433 Leibnitzli
1177 1402 1395 1433 defensionibus
1419 1410 1451 1429 ac
1475 1400 1725 1436 responsionibus.

355 1527 417 1561 (ι)
436 1528 497 1554 Sunt
512 1529 564 1562 ipsa
579 1529 652 1555 verba
670 1528 820 1561 Schnberd,
840 1530 947 1555 celebris
965 1529 1154 1555 Leibnitzianae
1171 1528 1279 1554 Scholae
1299 1527 1435 1560 discipuli:
1453 1527 1477 1551 in
1493 1526 1558 1552 Phil.
1576 1525 1659 1550 Praet.
1678 1525 1704 1557 §.
1721 1530 1781 1558 247-

357 1572 420 1607 (2)
438 1574 561 1606 Wolfius,
591 1576 654 1601 Phil.
682 1576 766 1602 Pract.
791 1576 813 1602 Ι.
839 1576 864 1609 §.
890 1584 951 1603 222.
986 1576 1032 1603 Cf.
1057 1577 1162 1607 Luae,
1186 1576 1262 1602 Droit
1287 1575 1320 1600 de
1343 1575 1365 1599 la
1388 1574 1483 1600 Nature
1509 1579 1534 1599 et
1559 1572 1603 1598 des
1625 1572 1708 1603 Gens,
1739 1572 1764 1605 §.
1784 1579 1836 1606 44,

325 1621 375 1652 64,
398 1627 455 1653 134-

359 1668 420 1701 (³)
439 1666 566 1697 Wolfius‚
587 1667 612 1700 §.
630 1674 690 1699 223.
858 1666 925 1701 (4)
945 1667 985 1694 Id.
1007 1669 1033 1702 §-
1049 1673 1107 1701 353.
1141 1668 1186 1695 Cf.
1212 1668 1238 1701 §.
1255 1667 1305 1699 361
1322 1674 1379 1699 sqq.

362 1711 425 1746 (5)
447 1713 511 1739 lbid.
539 1714 564 1745 §.
581 1715 638 1746 346.
674 1713 720 1741 Cf.
734 1714 838 1740 omuino
852 1714 882 1740 ad
898 1715 962 1742 hanc
988 1715 1015 1748 §.
1031 1721 1057 1742 1.
1078 1716 1158 1748 prima
1170 1713 1257 1741 Wolfii
1274 1714 1424 1747 explicatu).

360 1756 422 1792 (6)
440 1758 506 1785 lbid.
529 1760 556 1793 §.
573 1766 632 1794 349.

1103 1887 1155 1941 Q

1688 2021 1843 2054 PARS
