1946 2517
312 184 351 211 σε,
538 167 556 195 ·'
718 167 1056 208 GU'LIELMI
1113 161 1420 202 DEL'PRAT

321 270 410 298 puurn
434 261 694 299 gravissimumque
718 268 794 295 opus
822 264 887 293 est,
908 256 1046 292 quodque
1067 261 1146 284 tanta
1166 254 1322 294 diligentia
1339 264 1464 292 curaque
1480 243 1611 293 indiget,
1632 266 1738 294 quanta
1753 250 1817 289 um.

323 322 408 349 quam
431 321 487 341 rem
511 320 590 340 suam
617 316 759 348 geometra
782 309 865 337 debet
885 314 1003 338 tractare
1023 305 1130 343 (1).”

363 364 506 401 Quoniam
535 362 624 399 igitur
647 361 774 391 moralia
797 361 928 397 dogmata
955 358 985 387 in
1005 357 1143 386 Kantiana
1168 358 1272 387 Schola
1297 360 1446 395 separatim
1464 367 1479 388 a
1496 359 1631 389 felicitate
1655 362 1823 398 traduntur,

325 415 444 443 „mnino
464 415 498 442 ad
519 414 590 442 hanc
611 414 730 442 eth-icam
751 411 952 441 attendendum
974 416 1030 440 est.
1223 416 1225 419 ’
1398 416 1402 421 ·

363 464 447 493 Nihil
466 465 495 492 in
520 464 637 492 homine
658 453 850 500 praestantius
871 463 944 491 nihil
965 461 1053 490 altius
1071 460 1164 496 inest,
1188 468 1271 496 quam
1295 461 1387 490 Ratio
1409 461 1490 499 (2).
1530 462 1612 499 Quae
1634 463 1706 490 ratio
1724 471 1826 499 quam·

324 524 407 551 quam
428 524 488 544 una
508 521 571 551 est,
593 515 789 550 unitatemque
818 520 929 547 spectat
939 533 955 551 ,Ι
971 520 1062 541 tamen
1091 521 1143 547 pro
1169 512 1285 547 duplice
1310 521 1386 547 usu,
1407 521 1461 548 pro
1488 512 1654 548 duplicibus
1681 514 1826 550 cognitio-

321 567 366 595 nis
390 566 540 602 generibus
566 566 594 594 in
621 566 760 595 rationem
787 565 973 593 theoreticam
994 570 1021 591 et
1042 563 1176 591 rationem
1193 564 1357 600 practicam
1377 563 1566 599 distinguitur
1587 565 1602 601 (
1619 565 1673 600 3).

360 618 448 646 Ratio
470 619 630 646 theoretica
650 617 861 653 contemplatur
887 624 950 650 res,
972 623 1045 650 quae
1073 614 1101 642 in
1127 613 1232 641 mundo
1261 613 1392 642 sensibili
1417 614 1531 642 dantur.
1576 615 1693 644 Rationi
1712 615 1826 645 theore-

322 668 392 697 ticae
418 669 474 697 hoc
497 669 680 704 propositum
708 674 751 696 est
778 674 810 695 ut
835 667 982 695 veritatem
1013 665 1139 693 inveniat
1162 664 1404 700 cognitionesque
1427 672 1527 701 augeat
1548 666 1626 702 (4).

362 721 388 748 A
411 721 520 748 ratione
545 720 700 748 theoretica
723 726 843 754 prorsus
874 716 968 745 differt
991 715 1064 744 ratio
1088 717 1237 753 practica.
1286 714 1361 743 Haec
1389 716 1462 744 enim
1489 724 1614 744 versatur
1640 716 1668 744 in
1696 716 1824 747 hominis

321 771 409 799 libera
431 771 579 799 voluntate
604 763 814 799 determinanda
829 764 871 796 et
896 763 1041 804 regunda,
1057 766 1148 801 «idque
1173 766 1252 794 nulla
1276 764 1385 795 ratione
1410 761 1507 795 habita
1526 767 1705 796 sensibilium
1729 775 1823 797 rerum

321 822 534 858 cupiditatum,
556 822 775 851 inclinationum
798 820 884 861 (5),
905 820 1005 856 nullo,
1028 826 1059 847 ut
1086 818 1208 847 Kantius
1236 817 1299 853 ait,
1328 818 1534 847 interveniente
1559 819 1681 857 quodam
1700 818 1824 856 jucundi

316 878 342 900 et
367 873 517 909 injucundi
543 882 630 902 sensu
653 874 731 910 (6).

359 924 436 954 Haec
460 925 532 953 ratio
554 924 679 961 practica
698 932 732 952 ex
753 932 804 960 se,
825 931 858 952 ex
879 930 910 952 se
934 923 1019 958 sola,
1042 930 1075 952 ex
1098 930 1150 951 sua
1176 928 1276 950 natura
1296 921 1372 958 leges
1395 921 1454 951 dat.
1498 922 1543 951 Ex
1568 930 1619 950 sua
1637 927 1760 956 natura,
1781 920 1827 950 in·

318 983 411 1011 quam,
456 975 624 1004 Intellectus
648 982 748 1004 noster
768 976 838 1012 (7)
859 973 986 1008 formas,
1017 973 1063 1010 (i.
1081 981 1105 1002 e.
1127 972 1335 1008 dispositiones
1361 972 1523 1008 quasdam)
1545 972 1651 1007 habet,
1672 979 1744 1006 quae
1766 969 1826 1000 fot·

310 1032 378 1054 -mae
402 1027 494 1062 ipsam
518 1027 678 1055 intellectus
705 1032 836 1054 naturam
861 1025 1068 1059 constituunt,
1096 1023 1161 1052 sine
1183 1024 1291 1059 quibus
1324 1022 1426 1051 formis
1451 1022 1618 1051 intetlectus
1643 1029 1741 1051 noster
1765 1029 1825 1051 non

315 1075 479 1106 intellectus
508 1082 596 1106 esset.
644 1076 707 1106 Has
733 1076 897 1105 intellectus
922 1074 1029 1103 formas
1054 1082 1114 1103 non
1151 1073 1186 1102 ab
1214 1072 1387 1108 experientia
1415 1072 1600 1107 accepimus,
1630 1072 1680 1101 sed
1705 1080 1739 1101 ex
1761 1072 1827 1108 ipso

322 1128 408 1156 ammi
432 1128 498 1157 sinu
522 1128 731 1164 expromimus.
773 1126 834 1155 Has
854 1125 962 1155 formas
987 1126 1112 1155 Kantius
1140 1126 1311 1162 Categorias
1337 1131 1422 1153 vocat
1449 1124 1511 1161 (ab
1539 1124 1709 1154 Aristotelis
1730 1130 1825 1154 tamen

322 1179 473 1215 categoriis
509 1179 550 1208 nil
579 1179 637 1208 nisi
669 1186 772 1207 nomen
805 1178 982 1214 habentes).
1040 1177 1145 1206 Omnia
1177 1184 1249 1212 quae
1276 1176 1438 1212 cogitamus
1470 1175 1571 1204 formis
1604 1177 1662 1204 illis
1688 1176 1823 1204 adstricta

321 1239 401 1260 sunt.
450 1231 555 1260 Omnia
578 1233 652 1260 enim
679 1231 842 1267 cogitamus
868 1229 924 1258 sub
942 1229 1034 1258 forma
1059 1234 1108 1257 aut
1136 1226 1179 1257 10.
1201 1228 1401 1266 quantitatis,
1432 1233 1479 1256 aut
1509 1226 1550 1256 20.
1573 1227 1750 1265 qualitatis,
1776 1232 1826 1255 aut

317 1281 359 1318 30.
380 1283 532 1311 relationis
556 1290 624 1311 cum
647 1281 734 1319 aliis,
754 1288 804 1310 aut
831 1280 878 1319 40.
898 1281 1046 1310 relationis
1075 1287 1143 1310 cum
1165 1286 1265 1309 nostra
1291 1279 1426 1316 ipsorum
1450 1279 1641 1316 cognitione,
1668 1285 1696 1308 et
1715 1285 1826 1315 semper

1661 1332 1663 1335 ’
1788 1328 1831 1358 fe·

347 1429 413 1463 (1)
433 1429 513 1460 Kam,
536 1430 635 1456 critica
662 1429 756 1455 ration.
773 1429 900 1461 practicae
922 1435 954 1454 ex
979 1428 1092 1454 versione
1115 1427 1223 1457 Bornii,
1250 1427 1301 1452 111.
1323 1433 1362 1457 13.
1380 1433 1424 1459 74.
1448 1433 1473 1457 p.
1490 1433 1539 1457 90,
1561 1433 1619 1456 1¹3·
1655 1426 1700 1451 Cf.
1724 1432 1750 1456 Ρ.
1765 1430 1825 1456 ι33.’

317 1477 351 1505 11.
370 1478 432 1508 288,
449 1478 498 1509 289
516 1483 540 1502 et
553 1483 612 1508 320.
638 1482 663 1501 et
687 1484 713 1501 v.
740 1475 861 1505 Hemerr,
888 1474 961 1506 Mag.
983 1482 1008 1500 v.
1029 1473 1054 1500 d.
1084 1474 1148 1500 Crit.
1177 1473 1268 1506 Wysg.
1293 1473 1316 1498 1.
1339 1478 1504 1505 154—159,
1523 1472 1586 1504 184,
1607 1477 1669 1504 197,
1687 1477 1756 1504 279,
1773 1475 1826 1503 57,

317 1528 384 1554 137,
403 1530 466 1556 141,
487 1530 533 1556 195
547 1542 554 1554 ‚
572 1530 631 1556 207.
656 1523 704 1549 1V.
723 1528 771 1554 ¹42

348 1568 415 1601 (2)
437 1569 538 1599 Garve,
557 1567 747 1594 Oordeelkund.
767 1567 923 1593 Beschouw.
940 1574 967 1592 v.
988 1565 1014 1592 d.
1032 1565 1131 1591 Stelsels
1148 1574 1174 1593 v.
1192 1565 1345 1592 Zedekunde
1364 1572 1416 1591 sec.
1439 1564 1597 1590 vernaculam
1616 1571 1649 1589 ex
1669 1563 1754 1589 Germ.
1771 1570 1829 1588 ver·

318 1615 430 1646 sionem,
448 1623 474 1647 p.
492 1621 549 1646 232.
585 1614 666 1645 Kant,
686 1614 721 1639 11.
737 1621 785 1646 93,
805 1613 855 1639 206
867 1619 891 1637 et
910 1618 969 1643 292.
1005 1620 1031 1638 v.
1045 1613 1120 1638 Hem.
1137 1613 1155 1639 l.
1173 1613 1190 1638 1.
1210 1613 1243 1639 V.
1262 1620 1286 1644 p.
1302 1611 1359 1643 258.
1378 1612 1439 1638 haec
1461 1612 1555 1637 habers
1574 1612 1669 1642 booger
1684 1615 1763 1642 gezag
1780 1609 1831 1635 dan

316 1667 382 1690 onze
395 1662 484 1693 eigene
499 1660 557 1685 rede
572 1660 619 1685 kan
637 1667 700 1691 geen
719 1660 855 1690 sterveling
869 1665 987 1684 noemen.
1021 1658 1066 1684 Cf.
1085 1658 1136 1685 111.
1151 1665 1195 1691 72.
1214 1664 1238 1683 et
1257 1659 1290 1685 V.
1307 1664 1367 1690 223.

348 1705 413 1740 (3)
432 1707 498 1734 Crit.
521 1705 624 1738 Magaz.
643 1705 663 1731 1.
685 1705 742 1737 ¹36.
985 1702 1051 1736 (4)
1071 1704 1136 1730 lbicl.

349 1753 409 1784 (5)
428 1753 494 1779 lbid.
512 1759 537 1778 et
560 1759 586 1784 p.
604 1758 660 1783 ¹45·
679 1751 715 1777 cf.
734 1751 806 1776 etiam
826 1751 890 1776 Kant
910 1751 976 1777 Crit.
994 1750 1084 1775 ration.
1101 1751 1245 1782 practicae,
1264 1750 1292 1775 in
1310 1749 1375 1776 ibid.

347 1798 415 1833 (6)
435 1800 500 1825 Crit.
516 1806 561 1826 rat.
580 1806 660 1831 praet,
679 1807 704 1830 p.
727 1805 767 1824 ¹2.

344 1844 408 1879 (7)
428 1845 543 1871 Breviter
557 1845 581 1869 in
608 1845 688 1869 Kantn
706 1845 879 1876 metaphy=ica
900 1845 962 1869 mihi
982 1845 1161 1871 immorandum
1180 1852 1227 1872 cst.
1271 1846 1357 1871 Garve
1381 1843 1553 1868 animadvertit
1572 1841 1694 1874 (Zedek.
1712 1849 1738 1874 p.
1757 1840 1828 1874 197)

313 1892 419 1917 ethicam
450 1891 532 1916 Kantii
558 1897 627 1915 recte
662 1891 773 1922 perspici
803 1898 852 1915 non
879 1898 955 1923 posse
979 1892 1008 1917 ab
1035 1892 1080 1916 illo
1108 1893 1151 1924 qui
1174 1893 1198 1916 in
1227 1892 1345 1918 Kantiana
1370 1889 1541 1922 metaphysica
1571 1889 1642 1920 plane
1666 1889 1756 1919 hospes
1782 1894 1830 1913 est.

314 1938 358 1963 Cf.
378 1937 448 1963 Mad.
466 1937 497 1962 de
516 1938 599 1968 Stacl,
618 1937 650 1961 de
667 1937 831 1967 l'AllrJnagnc·
850 1936 899 1963 111.
921 1942 931 1960 1
952 1944 976 1962 ct
994 1945 1048 1970 seq.
1084 1940 1217 1964 Caeterum
1233 1938 1384 1963 lucidissima
1399 1937 1472 1968 hujus
1494 1935 1681 1968 metaphysicae
1701 1934 1829 1965 expositio

313 1989 339 2007 ea
360 1983 420 2007 mihi
435 1983 549 2013 videtur,
568 1991 641 2016 qnam
661 1983 727 2008 dedit
747 1984 833 2009 Gallus
853 1984 902 2010 Ch.
919 1984 1007 2010 villers
1023 1986 1048 2010 iu
1065 1985 1264 2017 praeclarissimo
1280 1990 1374 2016 opere,
1395 1982 1524 2014 Principes
1544 1980 1737 2006 sondainentaux
1755 1978 1787 2003 de
1808 1978 1829 2005 ln

311 2028 472 2060 philosophie
490 2029 719 2060 transceudemale,
737 2030 821 2055 Men.
838 2030 911 2055 1801.
